%%%%%%%%%%%%%%%%%%%%%%%%%%%%%%%%%%%%%%%%%%%%%%%%%%%%%%%%%%%%%%%%%%%%%%%%%%%%%%%%%%%%%
%A

@article{E.Abdalla_etal_2022,
    title     = {Cosmology intertwined: A review of the particle physics, astrophysics, and cosmology associated with the cosmological tensions and anomalies},
    author    = {Abdalla, E. and Abell{\'{a}}n, G. F. and Aboubrahim, A. and Agnello, A. and Akarsu, {\"{O}}. and Akrami, Y. and Alestas, G. and Aloni, D. and Amendola, L. and Anchordoqui, L. A. and Anderson, R. I. and Arendse, N. and Asgari, M. and Ballardini, M. and Barger, V. and Basilakos, S. and Batista, R. C. and Battistelli, E. S. and Battye, R. and Benetti, M. and Benisty, D. and Berlin, A. and de Bernardis, P. and Berti, E. and Bidenko, B. and Birrer, S. and Blakeslee, J. P. and Boddy, K. K. and Bom, C. R. and Bonilla, A. and Borghi, N. and Bouchet, F. R. and Braglia, M. and Buchert, T. and Buckley-Geer, E. and Calabrese, E. and Caldwell, R. R. and Camarena, D. and Capozziello, S. and Casertano, S. and Chen, G. C.-F. and Chluba, J. and Chen, A. and Chen, H.-Y. and Chudaykin, A. and Cicoli, M. and Copi, C. J. and Courbin, F. and Cyr-Racine, F.-Y. and Czerny, B. and Dainotti, M. and D{\textquotesingle}Amico, G. and Davis, A.-C. and de Cruz P{\'{e}}rez, J. and de Haro, J. and Delabrouille, J. and Denton, P. B. and Dhawan, S. and Dienes, K. R. and Di Valentino, E. and Du, P. and Eckert, D. and Escamilla-Rivera, C. and Fert{\'{e}}, A. and Finelli, F. and Fosalba, P. and Freedman, W. L. and Frusciante, N. and Gazta{\~{n}}aga, E. and Giar{\`{e}}, W. and Giusarma, E. and G{\'{o}}mez-Valent, A. and Handley, W. and Harrison, I. and Hart, L. and Hazra, D. K. and Heavens, A. and Heinesen, A. and Hildebrandt, H. and Hill, J. C. and Hogg, N. B. and Holz, D. E. and Hooper, D. C. and Hosseininejad, N. and Huterer, D. and Ishak, M. and Ivanov, M. M. and Jaffe, A. H. and Jang, I. S. and Jedamzik, K. and Jimenez, R. and Joseph, M. and Joudaki, S. and Kamionkowski, M. and Karwal, T. and Kazantzidis, L. and Keeley, R. E. and Klasen, M. and Komatsu, E. and Koopmans, L. V. and Kumar, S. and Lamagna, L. and Lazkoz, R. and Lee, C.-C. and Lesgourgues, J. and Said, J. L. and Lewis, T. R. and L{\textquotesingle}Huillier, B. and Lucca, M. and Maartens, R. and Macri, L. M. and Marfatia, D. and Marra, V. and Martins, C. J. and Masi, S. and Matarrese, S. and Mazumdar, A. and Melchiorri, A. and Mena, O. and Mersini-Houghton, L. and Mertens, J. and Milakovi{\'{c}}, D. and Minami, Y. and Miranda, V. and Moreno-Pulido, C. and Moresco, M. and Mota, D. F. and Mottola, E. and Mozzon, S. and Muir, J. and Mukherjee, A. and Mukherjee, S. and Naselsky, P. and Nath, P. and Nesseris, S. and Niedermann, F. and Notari, A. and Nunes, R. C. and Colg{\'{a}}in, E. {\'{O}}. and Owens, K. A. and {\"{O}}z{\"u}lker, E. and Pace, F. and Paliathanasis, A. and Palmese, A. and Pan, S. and Paoletti, D. and Bergliaffa, S. E. P. and Perivolaropoulos, L. and Pesce, D. W. and Pettorino, V. and Philcox, O. H. and Pogosian, L. and Poulin, V. and Poulot, G. and Raveri, M. and Reid, M. J. and Renzi, F. and Riess, A. G. and Sabla, V. I. and Salucci, P. and Salzano, V. and Saridakis, E. N. and Sathyaprakash, B. S. and Schmaltz, M. and Sch{\"o}neberg, N. and Scolnic, D. and Sen, A. A. and Sehgal, N. and Shafieloo, A. and Sheikh-Jabbari, M. and Silk, J. and Silvestri, A. and Skara, F. and Sloth, M. S. and Soares-Santos, M. and Peracaula, J. S. and Songsheng, Y.-Y. and Soriano, J. F. and Staicova, D. and Starkman, G. D. and Szapudi, I. and Teixeira, E. M. and Thomas, B. and Treu, T. and Trott, E. and van de Bruck, C. and Vazquez, J. A. and Verde, L. and Visinelli, L. and Wang, D. and Wang, J.-M. and Wang, S.-J. and Watkins, R. and Watson, S. and Webb, J. K. and Weiner, N. and Weltman, A. and Witte, S. J. and Wojtak, R. and Yadav, A. K. and Yang, W. and Zhao, G.-B. and Zumalac{\'{a}}rregui, M.},
    journal   = {Journal of High Energy Astrophysics},
    volume    = {34},
    number    = {},
    pages     = {49-211},
    month     = {6},
    year      = {2022},
    doi       = {10.1016/j.jheap.2022.04.002},
    archivePrefix = {arXiv},
    eprint    = {astro-ph/2203.06142}}

@article{L.R.W.Abramo_etal_1997,
    title     = {The Energy - momentum tensor for cosmological perturbations},
    author    = {Abramo, L. R. W. and Brandenberger, R. H. and Mukhanov, V. F.},
    journal   = {\prd},
    volume    = {56},
    number    = {6},
    pages     = {3248-3257},
    month     = {9},
    year      = {1997},
    doi       = {10.1103/PhysRevD.56.3248},
    archivePrefix = {arXiv},
    eprint    = {gr-qc/9704037}}
    
@article{V.Acquaviva_etal_2003,
    title     = {Gauge-invariant second-order perturbations and non-Gaussianity from inflation},
    author    = {Acquaviva, V. and Bartolo, N. and Matarrese, S. and Riotto, A.},
    journal   = {Nuclear Physics B},
    volume    = {667},
    number    = {1-2},
    pages     = {119--148},
    year      = {2003},
    month     = {9},
    doi       = {10.1016/s0550-3213(03)00550-9}}

@article{J.Adamek_etal_2013,
    title     = {General relativistic $N$-body simulations in the weak field limit},
    author    = {Adamek, J. and Daverio, D. and Durrer, R. and Kunz, M.},
    journal   = {\prd},
    volume    = {88},
    number    = {10},
    pages     = {103527},
    numpages  = {18},
    month     = {11},
    year      = {2013},
    doi       = {10.1103/PhysRevD.88.103527},
    archivePrefix = {arXiv},
    eprint    = {astro-ph/1308.6524}}

@article{J.Adamek_etal_2014_Mar,
    title     = {Distance-redshift relation in plane symmetric universes},
    author    = {Adamek, J. and Di Dio, E. and Durrer, R. and Kunz, M.},
    journal   = {\prd},
    volume    = {89},
    number    = {6},
    pages     = {063543},
    month     = {3},
    year      = {2014},
    doi       = {10.1103/PhysRevD.89.063543},
    archivePrefix = {arXiv},
    eprint    = {1401.3634}}

@article{J.Adamek_etal_2014_Nov,
    title     = {N-body methods for relativistic cosmology},
    author    = {Adamek, J. and Durrer, R. and Kunz, M.},
    journal   = {\cqg},
    volume    = {31},
    number    = {23},
    pages     = {234006},
    month     = {11},
    year      = {2014},
    doi       = {10.1088/0264-9381/31/23/234006},
    archivePrefix = {arXiv},
    eprint    = {1408.3352}}

@article{J.Adamek_etal_2015,
    title     = {Does small scale structure significantly affect cosmological dynamics?},
    author    = {Adamek, J. and Clarkson, C. and Durrer, R. and Kunz, M.},
    journal   = {\prl},
    volume    = {114},
    number    = {5},
    pages     = {051302},
    month     = {2},
    year      = {2015},
    doi       = {10.1103/PhysRevLett.114.051302},
    archivePrefix = {arXiv},
    eprint    = {1408.2741}}

@article{J.Adamek_etal_2016_Jan,
    title     = {Spherically Symmetric N-body Simulations with General Relativistic Dynamics},
    author    = {Adamek, J. and Gosenca, M. and Hotchkiss, S.},
    journal   = {\prd},
    volume    = {93},
    number    = {2},
    pages     = {023526},
    month     = {1},
    year      = {2016},
    doi       = {10.1103/PhysRevD.93.023526},
    archivePrefix = {arXiv},
    eprint    = {1509.01163}}

@article{J.Adamek_etal_2016_Mar,
    title     = {General relativity and cosmic structure formation},
    author    = {Adamek, J. and Daverio, D. and Durrer, R. and Kunz, M.},
    journal   = {\np},
    volume    = {12},
    number    = {4},
    pages     = {346-349},
    year      = {2016},
    month     = {3},
    doi       = {10.1038/nphys3673},
    archivePrefix = {arXiv},
    eprint    = {astro-ph/1509.01699}}
    
@article{J.Adamek_etal_2016_Jul,
    title     = {gevolution: a cosmological N-body code based on General Relativity},
    author    = {Adamek, J. and Daverio, D. and Durrer, R. and Kunz, M.},
    journal   = {\jcap},
    volume    = {2016},
    number    = {7},
    pages     = {53-53},
    year      = {2016},
    month     = {7},
    doi       = {10.1088/1475-7516/2016/07/053},
    archivePrefix = {arXiv},
    eprint    = {astro-ph/1604.06065}}

@article{J.Adamek_etal_2017,
    title     = {The effect of early radiation in N-body simulations of cosmic structure formation},
    author    = {Adamek, J. and Brandbyge, J. and Fidler, C. and Hannestad, S. and Rampf, C. and Tram, T.},
    journal   = {\mnras},
    volume    = {470},
    number    = {1},
    pages     = {303-313},
    month     = {},
    year      = {2017},
    doi       = {10.1093/mnras/stx1157},
    archivePrefix = {arXiv},
    eprint    = {1703.08585}}

@article{J.Adamek_2018_Jan,
    title     = {Perturbed redshifts from N-body simulations},
    author    = {Adamek, J.},
    journal   = {\prd},
    volume    = {97},
    number    = {2},
    pages     = {021302},
    month     = {1},
    year      = {2018},
    doi       = {10.1103/PhysRevD.97.021302},
    archivePrefix = {arXiv},
    eprint    = {gr-qc/1708.07552}}
    
@article{J.Adamek_etal_2018_Dec,
    title     = {Safely smoothing spacetime: backreaction in relativistic cosmological simulations},
    author    = {Adamek, J. and Clarkson, C. and Daverio, D. and Durrer, R. and Kunz, M.},
    journal   = {\cqg},
    volume    = {36},
    number    = {1},
    pages     = {014001},
    year      = {2018},
    month     = {12},
    doi       = {10.1088/1361-6382/aaeca5},
    archivePrefix = {arXiv},
    eprint    = {astro-ph/1706.09309}}

@article{J.Adamek_etal_2019a,
    title     = {Bias and scatter in the Hubble diagram from cosmological large-scale structure},
    author    = {Adamek, J. and Clarkson, C. and Coates, L. and Durrer, R. and Kunz, M.},
    journal   = {\prd},
    volume    = {100},
    number    = {2},
    pages     = {021301},
    month     = {7},
    year      = {2019},
    doi       = {10.1103/PhysRevD.100.021301},
    archivePrefix = {arXiv},
    eprint    = {astro-ph/1812.04336}}

@article{J.Adamek_etal_2019b,
    title     = {WIMPs and stellar-mass primordial black holes are incompatible},
    author    = {Adamek, J. and Byrnes, C. T. and Gosenca, M. and Hotchkiss, S.},
    journal   = {\prd},
    volume    = {100},
    number    = {2},
    pages     = {023506},
    month     = {7},
    year      = {2019},
    doi       = {10.1103/PhysRevD.100.023506},
    archivePrefix = {arXiv},
    eprint    = {1901.08528}}

@article{J.Adamek_etal_2020_Jan,
    title     = {Ray tracing the integrated Sachs-Wolfe effect through the light cones of the dark energy universe simulation-full universe runs},
    author    = {Adamek, J. and Rasera, Y. and Corasaniti, P. S. and Alimi, J.-M.},
    journal   = {\prd},
    volume    = {101},
    number    = {2},
    pages     = {023512},
    month     = {1},
    year      = {2020},
    doi       = {10.1103/PhysRevD.101.023512},
    archivePrefix = {arXiv},
    eprint    = {astro-ph/1910.03340}}
    
@article{J.Adamek_etal_2020_Jul,
    title     = {Numerical solutions to Einstein's equations in a shearing-dust universe: a code comparison},
    author    = {Adamek, J. and Barrera-Hinojosa, C. and Bruni, M. and Li, B. and Macpherson, H. J. and Mertens, J. B.},
    journal   = {\cqg},
    volume    = {37},
    number    = {15},
    pages     = {154001},
    month     = {7},
    year      = 2020,
    doi       = {10.1088/1361-6382/ab939b},
    archivePrefix = {arXiv},
    eprint    = {astro-ph/2003.08014}}

@article{G.Agazie_etal_2023,
    title     = {The NANOGrav 15 yr Data Set: Evidence for a Gravitational-wave Background},
    author    = {Agazie, G. and Anumarlapudi, A. and Archibald, A. M. and Arzoumanian, Z. and Baker, P. T. and Bécsy, B. and Blecha, L. and Brazier, A. and Brook, P. R. and Burke-Spolaor, S. and Burnette, R. and Case, R. and Charisi, M. and Chatterjee, S. and Chatziioannou, K. and Cheeseboro, B. D. and Chen, S. and Cohen, T. and Cordes, J. M. and Cornish, N. J. and Crawford, F. and Cromartie, H. T. and Crowter, K. and Cutler, C. J. and DeCesar, M. E. and DeGan, D. and Demorest, P. B. and Deng, H. and Dolch, T. and Drachler, B. and Ellis, J. A. and Ferrara, E. C. and Fiore, W. and Fonseca, E. and Freedman, G. E. and Garver-Daniels, N. and Gentile, P. A. and Gersbach, K. A. and Glaser, J. and Good, D. C. and G{\"u}ltekin, K. and Hazboun, J. S. and Hourihane, S. and Islo, K. and Jennings, R. J. and Johnson, A. D. and Jones, M. L. and Kaiser, A. R. and Kaplan, D. L. and Kelley, L. Z. and Kerr, M. and Key, J. S. and Klein, T. C. and Laal, N. and Lam, M. T. and Lamb, W. G. and Lazio, T. J. W. and Lewandowska, N. and Littenberg, T. B. and Liu, T. and Lommen, A. and Lorimer, D. R. and Luo, J. and Lynch, R. S. and Ma, C.-P. and Madison, D. R. and Mattson, M. A. and McEwen, A. and McKee, J. W. and McLaughlin, M. A. and McMann, N. and Meyers, B. W. and Meyers, P. M. and Mingarelli, C. M. F. and Mitridate, A. and Natarajan, P. and Ng, C. and Nice, D. J. and Ocker, S. K. and Olum, K. D. and Pennucci, T. T. and Perera, B. B. P. and Petrov, P. and Pol, N. S. and Radovan, H. A. and Ransom, S. M. and Ray, P. S. and Romano, J. D. and Sardesai, S. C. and Schmiedekamp, A. and Schmiedekamp, C. and Schmitz, K. and Schult, L. and Shapiro-Albert, B. J. and Siemens, X. and Simon, J. and Siwek, M. S. and Stairs, I. H. and Stinebring, D. R. and Stovall, K. and Sun, J. P. and Susobhanan, A. and Swiggum, J. K. and Taylor, J. and Taylor, S. R. and Turner, J. E. and Unal, C. and Vallisneri, M. and van Haasteren, R. and Vigeland, S. J. and Wahl, H. M. and Wang, Q. and Witt, C. A. and Young, O. and Collaboration, T. N.},
    journal   = {The Astrophysical Journal Letters},
    volume    = {951},
    number    = {1},
    pages     = {L8},
    month     = {6},
    year      = {2023},
    doi       = {10.3847/2041-8213/acdac6},
    archivePrefix = {arXiv},
    eprint    = {astro-ph/2306.16213}}

@article{M.Alcubierre_etal_2000,
    title     = {Towards an understanding of the stability properties of the (3+1) evolution equations in General Relativity},
    author    = {Alcubierre, M. and Allen, G. and Br{\"u}gmann, B. and Seidel, E. and Suen, W.-M.},
    journal   = {\prd},
    volume    = {62},
    number    = {12},
    pages     = {124011},
    month     = {11},
    year      = {2000},
    doi       = {10.1103/PhysRevD.62.124011},
    archivePrefix = {arXiv},
    eprint    = {gr-qc/9908079}}

@article{M.Alcubierre_etal_2003,
    title     = {Gauge conditions for long-term numerical black hole evolutions without excision},
    author    = {Alcubierre, M. and Br{\"u}gmann, B. and Diener, P. and Koppitz, M. and Pollney, D. and Seidel, E. and Takahashi, R.},
    journal   = {\prd},
    volume    = {67},
    number    = {8},
    pages     = {084023},
    numpages  = {18},
    month     = {4},
    year      = {2003},
    doi       = {10.1103/PhysRevD.67.084023},
    archivePrefix = {arXiv},
    eprint    = {gr-qc/0206072}}

@article{M.Alcubierre_M.D.Mendez_2011,
    title     = {Formulations of the 3+1 evolution equations in curvilinear coordinates},
    author    = {Alcubierre, M. and Mendez, M. D.},
    journal   = {Gen. Rel. Grav.},
    volume    = {43},
    number    = {},
    pages     = {2769-2806},
    month     = {},
    year      = {2011},
    doi       = {10.1007/s10714-011-1202-x},
    archivePrefix = {arXiv},
    eprint    = {gr-qc/1010.4013}}
    
@article{M.Alcubierre_etal_2015,
    title     = {Cosmological scalar field perturbations can grow},
    author    = {Alcubierre, M. and de la Macorra, A. and Diez-Tejedor, A. and Torres, J. M.},
    journal   = {\prd},
    volume    = {92},
    number    = {6},
    pages     = {063508},
    month     = {},
    year      = {2015},
    doi       = {10.1103/PhysRevD.92.063508},
    archivePrefix = {arXiv},
    eprint    = {gr-qc/1501.06918}}

@article{D.Alic_etal_2012,
    title     = {Conformal and covariant formulation of the Z4 system with constraint-violation damping},
    author    = {Alic, D. and Bona-Casas, C. and Bona, C. and Rezzolla, L. and Palenzuela, C.},
    journal   = {\prd},
    volume    = {85},
    number    = {6},
    pages     = {064040},
    numpages  = {12},
    month     = {3},
    year      = {2012},
    doi       = {10.1103/PhysRevD.85.064040},
    archivePrefix = {arXiv},
    eprint    = {gr-qc/1106.2254}}
    
@article{J.A.Allnutt_1981,
    title     = {A Petrov type-III perfect fluid solution of Einstein's equations},
    author    = {Allnutt, J.A.},
    journal   = {\grg},
    volume    = {13},
    number    = {11},
    pages     = {1017-1020},
    year      = {1981},
    month     = {11},
    doi       = {10.1007/BF00756362}}

@article{M.Anderson_etal_2006,
    title     = {Relativistic MHD with adaptive mesh refinement},
    author    = {Anderson, M.  and Hirschmann, E. W.  and Liebling, S. L.  and Neilsen, D. },
    journal   = {Classical and Quantum Gravity},
    volume    = {23},
    number    = {22},
    pages     = {6503},
    month     = {10},
    year      = {2006},
    doi       = {10.1088/0264-9381/23/22/025},
    archivePrefix = {arXiv},
    eprint    = {gr-qc/0605102}}
    
@article{T.Andrade_etal_2021,
    title     = {GRChombo: An adaptable numerical relativity code for fundamental physics},
    author    = {Andrade, T. and others},
    journal   = {Journal of Open Source Software},
    volume    = {6},
    number    = {68},
    pages     = {3703},
    year      = {2021},
    month     = {12},
    doi       = {10.21105/joss.03703},
    archivePrefix = {arXiv},
    eprint    = {gr-qc/2201.03458}}
    
@article{R.E.Angulo_O.Hahn_2022,
    title     = {Large-scale dark matter simulations},
    author    = {Angulo, R. E. and Hahn, O.},
    journal   = {Living Reviews in Computational Astrophysics},
    volume    = {8},
    number    = {1},
    pages     = {},
    year      = {2022},
    month     = {2},
    doi       = {10.1007/s41115-021-00013-z},
    archivePrefix = {arXiv},
    eprint    = {astro-ph/2112.05165}}

@article{P.Anninos_etal_1995,
    title     = {Three-dimensional numerical relativity: The evolution of black holes},
    author    = {Anninos, P. and Mass\'o, J. and Seidel, E. and Suen, W.-M. and Towns, J.},
    journal   = {\prd},
    volume    = {52},
    number    = {4},
    pages     = {2059-2082},
    month     = {8},
    year      = {1995},
    doi       = {10.1103/PhysRevD.52.2059}}

@article{P.Anninos_1998,
    title     = {Plane-symmetric cosmology with relativistic hydrodynamics},
    author    = {Anninos, P.},
    journal   = {\prd},
    volume    = {58},
    number    = {6},
    pages     = {064010},
    month     = {8},
    year      = {1998},
    doi       = {10.1103/PhysRevD.58.064010}}

@article{P.Anninos_2001,
    title     = {Computational Cosmology: From the Early Universe to the Large Scale Structure},
    author    = {Anninos, P.},
    journal   = {\lrr},
    volume    = {4},
    number    = {1},
    pages     = {},
    month     = {3},
    year      = {2001},
    doi       = {10.12942/lrr-1998-9},
    archivePrefix = {arXiv},
    eprint    = {gr-qc/0108083}}

@misc{J.Antoniadis_etal_2023,
    title     = {The second data release from the European Pulsar Timing Array III. Search for gravitational wave signals},
    author    = {Antoniadis, J. and Arumugam, P. and Arumugam, S. and Babak, S. and Bagchi, M. and Nielsen, A. S. B. and Bassa, C. G. and Bathula, A. and Berthereau, A. and Bonetti, M. and Bortolas, E. and Brook, P. R. and Burgay, M. and Caballero, R. N. and Chalumeau, A. and Champion, D. J. and Chanlaridis, S. and Chen, S. and Cognard, I. and Dandapat, S. and Deb, D. and Desai, S. and Desvignes, G. and Dhanda-Batra, N. and Dwivedi, C. and Falxa, M. and Ferdman, R. D. and Franchini, A. and Gair, J. R. and Goncharov, B. and Gopakumar, A. and Graikou, E. and Grießmeier, J. M. and Guillemot, L. and Guo, Y. J. and Gupta, Y. and Hisano, S. and Hu, H. and Iraci, F. and Izquierdo-Villalba, D. and Jang, J. and Jawor, J. and Janssen, G. H. and Jessner, A. and Joshi, B. C. and Kareem, F. and Karuppusamy, R. and Keane, E. F. and Keith, M. J. and Kharbanda, D. and Kikunaga, T. and Kolhe, N. and Kramer, M. and Krishnakumar, M. A. and Lackeos, K. and Lee, K. J. and Liu, K. and Liu, Y. and Lyne, A. G. and McKee, J. W. and Maan, Y. and Main, R. A. and Mickaliger, M. B. and Nitu, I. C. and Nobleson, K. and Paladi, A. K. and Parthasarathy, A. and Perera, B. B. P. and Perrodin, D. and Petiteau, A. and Porayko, N. K. and Possenti, A. and Prabu, T. and Leclere, H. Q. and Rana, P. and Samajdar, A. and Sanidas, S. A. and Sesana, A. and Shaifullah, G. and Singha, J. and Speri, L. and Spiewak, R. and Srivastava, A. and Stappers, B. W. and Surnis, M. and Susarla, S. C. and Susobhanan, A. and Takahashi, K. and Tarafdar, P. and Theureau, G. and Tiburzi, C. and van der Wateren, E. and Vecchio, A. and Krishnan, V. V. and Verbiest, J. P. W. and Wang, J. and Wang, L. and Wu, Z.},
    month     = {6},
    year      = {2023},
    archivePrefix = {arXiv},
    eprint    = {astro-ph/2306.16214}}

@article{R.Arnowitt_etal_1959,
    title     = {Dynamical Structure and Definition of Energy in General Relativity},
    author    = {Arnowitt, R. and Deser, S. and Misner, C.~W.},
    journal   = {Physical Review},
    volume    = {116},
    number    = {5},
    pages     = {1322-1330},
    numpages  = {0},
    month     = {12},
    year      = {1959},
    doi       = {10.1103/PhysRev.116.1322}}
    
@article{R.Arnowitt_etal_2008,
    title     = {Republication of: The dynamics of general relativity},
    author    = {Arnowitt, R. and Deser, S. and Misner, C. W.},
    journal   = {\grg},
    volume    = {40},
    number    = {9},
    pages     = {1997–2027},
    year      = {2008},
    month     = {8},
    doi       = {10.1007/s10714-008-0661-1}}
    
@article{J.C.Aurrekoetxea_etal_2020,
    title     = {The Effects of Potential Shape on Inhomogeneous Inflation},
    author    = {Aurrekoetxea, J. C. and Clough, K. and Flauger, R. and Lim, E. A.},
    journal   = {\jcap},
    volume    = {2020},
    number    = {5},
    pages     = {30-30},
    year      = {2020},
    month     = {5},
    doi       = {10.1088/1475-7516/2020/05/030},
    archivePrefix = {arXiv},
    eprint    = {1910.12547}}
    
@article{J.C.Aurrekoetxea_etal_2022,
    title     = {CTTK: A new method to solve the initial data constraints in numerical relativity},
    author    = {Aurrekoetxea, J. C. and Clough, K. and Lim, E. A.},
    journal   = {},
    volume    = {},
    number    = {},
    pages     = {},
    month     = {7},
    year      = {2022},
    doi       = {},
    archivePrefix = {arXiv},
    eprint    = {gr-qc/2207.03125}}
    
%%%%%%%%%%%%%%%%%%%%%%%%%%%%%%%%%%%%%%%%%%%%%%%%%%%%%%%%%%%%%%%%%%%%%%%%%%%%%%%%%%%%%
%B

@article{L.Baiotti_L.Rezolla_2006,
    title     = {Challenging the paradigm of singularity excision in gravitational collapse},
    author    = {Baiotti, L. and Rezzolla, L.},
    journal   = {\prl},
    volume    = {97},
    number    = {14},
    pages     = {141101},
    year      = {2006},
    month     = {10},
    doi       = {10.1103/PhysRevLett.97.141101},
    archivePrefix = {arXiv},
    eprint    = {gr-qc/0608113}}

@article{J.Baker_M.Campanelli_2000,
    title     = {Making use of geometrical invariants in black hole collisions},
    author    = {Baker, J. and Campanelli, M.},
    journal   = {\prd},
    volume    = {62},
    number    = {12},
    pages     = {127501},
    numpages  = {4},
    year      = {2000},
    month     = {11},
    doi       = {10.1103/PhysRevD.62.127501},
    archivePrefix = {arXiv},
    eprint    = {gr-qc/0003031}}

@article{J.G.Baker_etal_2006,
    title     = {Gravitational wave extraction from an inspiraling configuration of merging black holes},
    author    = {Baker, J. G. and Centrella, J. and Choi, D.-I. and Koppitz, M. and van Meter, J.},
    journal   = {\prl},
    volume    = {96},
    number    = {},
    pages     = {111102},
    month     = {},
    year      = {2006},
    doi       = {10.1103/PhysRevLett.96.111102},
    archivePrefix = {arXiv},
    eprint    = {gr-qc/0511103}}

@article{T.Baker_M.Trodden_2017,
    title     = {Multimessenger time delays from lensed gravitational waves},
    author    = {Baker, T. and Trodden, M.},
    journal   = {\prd},
    volume    = {95},
    number    = {6},
    pages     = {063512},
    month     = {},
    year      = {2017},
    doi       = {10.1103/PhysRevD.95.063512},
    archivePrefix = {arXiv},
    eprint    = {1612.02004}}
    
@article{J.M.Bardeen_1980,
    title     = {Gauge-invariant cosmological perturbations},
    author    = {Bardeen, J. M.},
    journal   = {\prd},
    volume    = {22},
    number    = {8},
    pages     = {1882-1905},
    year      = {1980},
    month     = {10},
    doi       = {10.1103/PhysRevD.22.1882}}
    
@article{J.M.Bardeen_etal_1983,
    title     = {Spontaneous creation of almost scale-free density perturbations in an inflationary universe},
    author    = {Bardeen, J. M. and Steinhardt, P. J. and Turner, M. S.},
    journal   = {\prd},
    volume    = {28},
    number    = {4},
    pages     = {679-693},
    year      = {1983},
    month     = {8},
    doi       = {10.1103/PhysRevD.28.679}}
    
@article{A.Barnes_R.R.Rowlingson_1989,
    title     = {Irrotational perfect fluids with a purely electric Weyl tensor},
    author    = {Barnes, A. and Rowlingson, R. R.},
    journal   = {\cqg},
    volume    = {6},
    number    = {7},
    pages     = {949-960},
    year      = {1989},
    month     = {7},
    doi       = {10.1088/0264-9381/6/7/003}}
	
@misc{A.Barnes_2014,
    title     = {Einstein Spacetimes with Constant Weyl Eigenvalues},
    author    = {Barnes, A.},
    year      = {2014},
    month     = {9},
    archivePrefix = {arXiv},
    eprint    = {gr-qc/1409.4300}}
	
@article{A.Barreira_etal_2016,
    title     = {{RAY}-{RAMSES}: a code for ray tracing on the fly in N-body simulations},
    author    = {Barreira, A. and Llinares, C. and Bose, S. and Li, B.},
    journal   = {\jcap},
    volume    = {2016},
    number    = {05},
    pages     = {001--001},
    year      = {2016},
    month     = {5},
    doi       = {10.1088/1475-7516/2016/05/001},
    archivePrefix = {arXiv},
    eprint    = {astro-ph/1601.02012}}
	
@article{C.Barrera-Hinojosa_B.Li_2020_Jan,
    title     = {GRAMSES: a new route to general relativistic $N$-body simulations in cosmology. Part I. Methodology and code description},
    author    = {Barrera-Hinojosa, C. and Li, B.},
    journal   = {\jcap},
    volume    = {2020},
    number    = {1},
    pages     = {007},
    month     = {1},
    year      = {2020},
    doi       = {10.1088/1475-7516/2020/01/007},
    archivePrefix = {arXiv},
    eprint    = {astro-ph/1905.08890}}
    
@article{C.Barrera-Hinojosa_B.Li_2020_Apr,
    title     = {GRAMSES: a new route to general relativistic $N$-body simulations in cosmology. Part II. Initial conditions},
    author    = {Barrera-Hinojosa, C. and Li, B.},
    journal   = {\jcap},
    volume    = {2020},
    number    = {4},
    pages     = {056},
    month     = {4},
    year      = {2020},
    doi       = {10.1088/1475-7516/2020/04/056},
    archivePrefix = {arXiv},
    eprint    = {astro-ph/2001.07968}}
    
@article{C.Barrera-Hinojosa_etal_2021_Jan,
    title     = {Vector modes in $\Lambda$CDM: the gravitomagnetic potential in dark matter haloes from relativistic $N$-body simulations},
    author    = {Barrera-Hinojosa, C. and Li, B. and Bruni, M. and He, J.},
    journal   = {\mnras},
    volume    = {501},
    number    = {4},
    pages     = {5697-5713},
    year      = {2021},
    month     = {1},
    doi       = {10.1093/mnras/staa4025},
    archivePrefix = {arXiv},
    eprint    = {astro-ph/2010.08257}}
    
@article{C.Barrera-Hinojosa_etal_2021_Dec,
    title     = {Looking for a twist: probing the cosmological gravitomagnetic effect via weak lensing-kSZ cross-correlations},
    author    = {Barrera-Hinojosa, C. and Li, B. and Cai, Y-C.},
    journal   = {\mnras},
    volume    = {510},
    number    = {3},
    pages     = {3589-3604},
    month     = {12},
    year      = {2021},
    doi       = {10.1093/mnras/stab3657},
    archivePrefix = {arXiv},
    eprint    = {astro-ph/2109.02632}}
    
@article{J.D.Barrow_J.Stein-Schabes_1984,
    title     = {Inhomogeneous cosmologies with cosmological constant},
    author    = {Barrow, J. D. and Stein-Schabes, J.},
    journal   = {\pl},
    volume    = {103},
    number    = {6},
    pages     = {315-317},
    year      = {1984},
    month     = {},
    doi       = {10.1016/0375-9601(84)90467-5}}
    
@article{N.Bartolo_etal_2004,
    title     = {Non-Gaussianity from inflation: Theory and observations},
    author    = {Bartolo, N. and Komatsu, E. and Matarrese, S. and Riotto, A.},
    journal   = {\pr},
    volume    = {402},
    number    = {3},
    pages     = {103-266},
    month     = {11},
    year      = {2004},
    doi       = {10.1016/j.physrep.2004.08.022},
    archivePrefix = {arXiv},
    eprint    = {astro-ph/0406398}}
    
@article{T.W.Baumgarte_S.L.Shapiro_1998,
    title     = {Numerical integration of Einstein’s field equations},
    author    = {Baumgarte, T. W. and Shapiro, S. L.},
    journal   = {\prd},
    volume    = {59},
    number    = {2},
    pages     = {024007},
    numpages  = {7},
    year      = {1998},
    month     = {12},
    doi       = {10.1103/physrevd.59.024007},
    archivePrefix = {arXiv},
    eprint    = {gr-qc/9810065}}
    
@article{C.Beetle_L.M.Burko_2002,
    title     = {A Radiation scalar for numerical relativity},
    author    = {Beetle, C. and Burko, L. M.},
    journal   = {\prl},
    volume    = {89},
    number    = {27},
    pages     = {271101},
    year      = {2002},
    month     = {12},
    doi       = {10.1103/PhysRevLett.89.271101},
    archivePrefix = {arXiv},
    eprint    = {gr-qc/0210019}}

@article{L.Bel_1958,
    title     = {D{\'e}finition d’une densit{\'e} d’{\'e}nergie et d’un {\'e}tat de radiation totale g{\'e}n{\'e}ralis{\'e}e},
    author    = {Bel, L.},
    journal   = {Comptes rendus hebdomadaires des séances de l'Acad{\'e}mie des sciences Paris},
    volume    = {246},
    number    = {2},
    pages     = {1015-1018},
    month     = {4},
    year      = {1958},
    note      = {\href{https://gallica.bnf.fr/ark:/12148/bpt6k723q/f965.item}{LINK}}}

@article{E.Bentivegna_2013,
    title     = {Solving the Einstein constraints in periodic spaces with a multigrid approach},
    author    = {Bentivegna, E.},
    journal   = {\cqg},
    volume    = {31},
    number    = {3},
    pages     = {035004},
    month     = {12},
    year      = {2013},
    doi       = {10.1088/0264-9381/31/3/035004},
    archivePrefix = {arXiv},
    eprint    = {gr-qc/1305.5576}}
    
@article{E.Bentivegna_M.Bruni_2016,
    title     = {Effects of Nonlinear Inhomogeneity on the Cosmic Expansion with Numerical Relativity},
    author    = {Bentivegna, E. and Bruni, M.},
    journal   = {\prl},
    volume    = {116},
    number    = {25},
    pages     = {251302},
    numpages  = {6},
    year      = {2016},
    month     = {6},
    doi       = {10.1103/PhysRevLett.116.251302},
    archivePrefix = {arXiv},
    eprint    = {gr-qc/1511.05124}}
    
@article{E.Bentivegna_2017,
    title     = {Automatically generated code for relativistic inhomogeneous cosmologies},
    author    = {Bentivegna, E.},
    journal   = {\prd},
    volume    = {95},
    number    = {4},
    pages     = {044046},
    numpages  = {12},
    year      = {2017},
    month     = {2},
    doi       = {10.1103/PhysRevD.95.044046},
    archivePrefix = {arXiv},
    eprint    = {gr-qc/1610.05198}}
    
@article{E.Bentivegna_etal_2018,
    title     = {Black-hole lattices as cosmological models},
    author    = {Bentivegna, E. and Clifton, T. and Durk, J. and Korzy{\'{n}}ski, M. and Rosquist, K.},
    journal   = {\cqg},
    volume    = {35},
    number    = {17},
    pages     = {175004},
    year      = {2018},
    month     = {7},
    doi       = {10.1088/1361-6382/aac846},
    archivePrefix = {arXiv},
    eprint    = {gr-qc/1801.01083}}

@article{F.Bernardeau_etal_2002,
    title     = {Large-scale structure of the Universe and cosmological perturbation theory},
    author    = {Bernardeau, F. and Colombi, S. and Gazta{\~n}aga, E. and Scoccimarro, R.},
    journal   = {\pr},
    volume    = {367},
    number    = {1-3},
    pages     = {1-248},
    month     = {9},
    year      = {2002},
    doi       = {10.1016/S0370-1573(02)00135-7},
    archivePrefix = {arXiv},
    eprint    = {astro-ph/0112551}}
    
@article{E.Berti_etal_2005,
    title     = {Rotating neutron stars: an invariant comparison of approximate and numerical space–time models},
    author    = {Berti, E. and White, F. and Maniopoulou, A. and Bruni, M.},
    journal   = {\mnras},
    volume    = {358},
    number    = {3},
    pages     = {923-938},
    year      = {2005},
    month     = {4},
    issn      = {0035-8711},
    doi       = {10.1111/j.1365-2966.2005.08812.x},
    archivePrefix = {arXiv},
    eprint    = {gr-qc/0405146}}
    
@article{E.Berti_etal_2009,
    title     = {Quasinormal modes of black holes and black branes},
    author    = {Berti, E. and Cardoso, V. and Starinets, A. O.},
    journal   = {\cqg},
    volume    = {26},
    number    = {16},
    pages     = {163001},
    month     = {7},
    year      = {2009},
    doi       = {10.1088/0264-9381/26/16/163001},
    archivePrefix = {arXiv},
    eprint    = {gr-qc/0905.2975}}
    
@article{E.Berti_etal_2018,
    title     = {Extreme Gravity Tests with Gravitational Waves from Compact Binary Coalescences: (II) Ringdown},
    author    = {Berti, E. and Yagi, K. and Yang, H. and Yunes, N.},
    journal   = {\grg},
    volume    = {50},
    number    = {5},
    pages     = {49},
    month     = {4},
    year      = {2018},
    doi       = {10.1007/s10714-018-2372-6},
    archivePrefix = {arXiv},
    eprint    = {gr-qc/1801.03587}}
    
@article{E.Bertschinger_1985_p1,
    title     = {Self-similar evolution of holes in an Einstein--de Sitter universe},
    author    = {Bertschinger, E.},
    journal   = {Astrophysical Journal Supplement Series},
    volume    = {58},
    number    = {},
    pages     = {1},
    year      = {1985},
    month     = {5},
    doi       = {10.1086/191027}}
    
@article{E.Bertschinger_1985_p39,
    title     = {Self - similar secondary infall and accretion in an Einstein-de Sitter universe},
    author    = {Bertschinger, E.},
    journal   = {Astrophysical Journal Supplement Series},
    volume    = {58},
    number    = {},
    pages     = {39},
    year      = {1985},
    month     = {5},
    doi       = {10.1086/191028}}

@misc{E.Bertschinger_2000,
    title     = {Cosmological Perturbation Theory and Structure Formation}, 
    author    = {Bertschinger, E.},
    year      = {2000},
    archivePrefix = {arXiv},
    eprint    = {astro-ph/0101009}}

@article{L.Bianchi_1902,
    title     = {Sui simboli a quattro indici e sulla curvatura di Riemann},
    author    = {Bianchi, L.},
    journal   = {Atti della Accademia nazionale dei Lincei},
    serie     = {5},
    volume    = {11 (5)},
    number    = {},
    pages     = {3-7},
    month     = {},
    year      = {1902},
    note      = {\href{https://archive.org/details/rendiconti51111902acca/page/n9/mode/2up}{LINK}}}
    
@article{D.Bini_etal_1995,
    title     = {Relative observer kinematics in general relativity},
    author    = {Bini, D. and Carini, P. and Jantzen, R. T.},
    journal   = {\cqg},
    volume    = {12},
    number    = {10},
    pages     = {2549-2563},
    month     = {10},
    year      = {1995},
    doi       = {10.1088/0264-9381/12/10/013}}

@article{D.Bini_etal_2023,
    title     = {Petrov type I spacetime curvature: Principal null vector spanning dimension},
    author    = {Bini, D. and Geralico, A. and Jantzen, R. T.},
    journal   = {\ijgmmp},
    volume    = {20},
    number    = {5},
    pages     = {2350087},
    month     = {1},
    year      = {2023},
    doi       = {10.1142/S0219887823500871},
    archivePrefix = {arXiv},
    eprint    = {gr-qc/2111.01283}}
    
@article{K.Bolejko_2018,
    title     = {Relativistic numerical cosmology with silent universes},
    author    = {Bolejko, K.},
    journal   = {\cqg},
    volume    = {35},
    number    = {2},
    pages     = {024003},
    year      = {2018},
    month     = {12},
    doi       = {10.1088/1361-6382/aa9d32},
    archivePrefix = {arXiv},
    eprint    = {astro-ph/1708.09143}}

@article{C.Bona_etal_1995,
    title     = {New Formalism for Numerical Relativity},
    author    = {Bona, C. and Mass\'o, J. and Seidel, E. and Stela, J.},
    journal   = {\prl},
    volume    = {75},
    number    = {4},
    pages     = {600-603},
    month     = {7},
    year      = {1995},
    doi       = {10.1103/PhysRevLett.75.600}}

@article{J.R.Bond_etal_1995,
    title     = {How filaments are woven into the cosmic web},
    author    = {Bond, J. R. and Kofman, L. and Pogosyan, D.},
    journal   = {Nature},
    volume    = {380},
    number    = {},
    pages     = {603-606},
    year      = {1996},
    month     = {4},
    doi       = {10.1038/380603a0},
    archivePrefix = {arXiv},
    eprint    = {astro-ph/9512141}}

@article{H.Bondi_1947,
    title     = {Spherically Symmetrical Models in General Relativity},
    author    = {Bondi, H.},
    journal   = {Monthly Notices of the Royal Astronomical Society},
    volume    = {107},
    number    = {5-6},
    pages     = {410-425},
    month     = {12},
    year      = {1947},
    doi       = {10.1093/mnras/107.5-6.410}}
    
@article{W.B.Bonnor_W.Davidson_1985,
    title     = {Petrov type {II} perfect fluid spacetimes with vorticity},
    author    = {Bonnor, W. B. and Davidson, W.},
    journal   = {\cqg},
    volume    = {2},
    number    = {5},
    pages     = {775-780},
    year      = {1985},
    month     = {9},
    doi       = {10.1088/0264-9381/2/5/017}}
    
@article{W.B.Bonnor_1995,
    title     = {The electric and magnetic Weyl tensors},
    author    = {Bonnor, W. B.},
    journal   = {\cqg},
    volume    = {12},
    number    = {2},
    pages     = {499-502},
    year      = {1995},
    month     = {2},
    doi       = {10.1088/0264-9381/12/2/018}}

@misc{C.Bonvin_etal_2023,
    title     = {A case study for measuring the relativistic dipole of a galaxy cross-correlation with the Dark Energy Spectroscopic Instrument},
    author    = {Bonvin, C. and Lepori, F. and Schulz, S. and Tutusaus, I. and Adamek, J. and Fosalba, P.},
    month     = {6},
    year      = {2023},
    archivePrefix = {arXiv},
    eprint    = {2306.04213}}

@article{M.Boyle_etal_2007,
    title     = {Testing the accuracy and stability of spectral methods in numerical relativity},
    author    = {Boyle, M. and Lindblom, L. and Pfeiffer, H. and Scheel, M. and Kidder, L. E.},
    journal   = {\prd},
    volume    = {75},
    number    = {},
    pages     = {024006},
    month     = {},
    year      = {2007},
    doi       = {10.1103/PhysRevD.75.024006},
    archivePrefix = {arXiv},
    eprint    = {gr-qc/0609047}}

@article{M.Boyle_etal_2019,
    title     = {The SXS collaboration catalog of binary black hole simulations},
    author    = {Boyle, M.  and Hemberger, D.  and Iozzo, D. A. B.  and Lovelace, G.  and Ossokine, S.  and Pfeiffer, H. P.  and Scheel, M. A.  and Stein, L. C.  and Woodford, C. J.  and Zimmerman, A. B.  and Afshari, N.  and Barkett, K.  and Blackman, J.  and Chatziioannou, K.  and Chu, T.  and Demos, N.  and Deppe, N.  and Field, S. E.  and Fischer, N. L.  and Foley, E.  and Fong, H.  and Garcia, A.  and Giesler, M.  and Hebert, F.  and Hinder, I.  and Katebi, R.  and Khan, H.  and Kidder, L. E.  and Kumar, P.  and Kuper, K.  and Lim, H.  and Okounkova, M.  and Ramirez, T.  and Rodriguez, S.  and R{\"u}ter, H. R.  and Schmidt, P.  and Szilagyi, B.  and Teukolsky, S. A.  and Varma, V.  and Walker, M. },
    journal   = {\cqg},
    volume    = {36},
    number    = {19},
    pages     = {195006},
    month     = {9},
    year      = {2019},
    doi       = {10.1088/1361-6382/ab34e2},
    archivePrefix = {arXiv},
    eprint    = {1904.04831}}
    
@article{J.Braden_etal_2017,
    title     = {Constraining cosmological ultralarge scale structure using numerical relativity},
    author    = {Braden, J. and Johnson, M. C. and Peiris, H. V. and Aguirre, A.},
    journal   = {\prd},
    volume    = {96},
    number    = {2},
    pages     = {023541},
    numpages  = {12},
    year      = {2017},
    month     = {7},
    doi       = {10.1103/PhysRevD.96.023541},
    archivePrefix = {arXiv},
    eprint    = {astro-ph/1604.04001}}
    
@misc{R.H.Brandenberger_2002,
    title     = {Back Reaction of Cosmological Perturbations and the Cosmological Constant Problem},
    author    = {Brandenberger, R. H.},
    year      = {2002},
    month     = {10},
    doi       = {10.48550/ARXIV.HEP-TH/0210165},
    archivePrefix = {arXiv},
    eprint    = {hep-th/0210165}}

@article{S.R.Brandt_etal_2020,
    title     = {The Einstein Toolkit},
    author    = {Brandt, S. R. and Brendal, B. and Gabella, W. E. and Haas, R. and Karakaş, B. and Kedia, A. and Rosofsky, S. G. and Schaffarczyk, A. P. and Alcubierre, M. and Alic, D. and Allen, G. and Ansorg, M. and Babiuc-Hamilton, M. and Baiotti, L. and Benger, W. and Bentivegna, E. and Bernuzzi, S. and Bode, T. and Br{\"u}gmann, B. and Campanelli, M. and Cipolletta, F. and Corvino, G. and Cupp, S. and Pietri, R. D. and Diener, P. and Dimmelmeier, H. and Dooley, R. and Dorband, N. and Khamra, Y. E. and Etienne, Z. and Faber, J. and Font, T. and Frieben, J. and Giacomazzo, B. and Goodale, T. and Gundlach, C. and Hawke, I. and Hawley, S. and Hinder, I. and Husa, S. and Iyer, S. and Kellermann, T. and Knapp, A. and Koppitz, M. and Laguna, P. and Lanferman, G. and L\"offler, F. and Masso, J. and Menger, L. and Merzky, A. and Miller, M. and Moesta, P. and Montero, P. and Mundim, B. and Nerozzi, A. and Noble, S. C. and Ott, C. and Paruchuri, R. and Pollney, D. and Radice, D. and Radke, T. and Reisswig, C. and Rezzolla, L. and Rideout, D. and Ripeanu, M. and Sala, L. and Schewtschenko, J. A. and Schnetter, E. and Schutz, B. and Seidel, E. and Seidel, E. and Shalf, J. and Sible, K. and Sperhake, U. and Stergioulas, N. and Suen, WM. and Szilagyi, B. and Takahashi, R. and Thomas, M. and Thornburg, J. and Tobias, M. and Tonita, A. and Walker, P. and Wan, MB. and Wardell, B. and Witek, H. and Zilh\~ao, M. and Zink, B. and Zlochower, Y.},
    month     = {5},
    year      = {2020},
    doi       = {10.5281/zenodo.3866075},
    note      = {\href{http://einsteintoolkit.org}{LINK}}}

@article{C.H.Brans_1965,
    title     = {Invariant Approach to the Geometry of Spaces in General Relativity},
    author    = {Brans, C. H.},
    journal   = {\jmp},
    volume    = {6},
    number    = {1},
    pages     = {94-102},
    month     = {1},
    year      = {1965},
    doi       = {10.1063/1.1704268}}

@article{D.Brown_etal_2009,
    title     = {Turduckening black holes: An analytical and computational study},
    author    = {Brown, D. and Diener, P. and Sarbach, O. and Schnetter, E. and Tiglio, M.},
    journal   = {\prd},
    volume    = {79},
    number    = {4},
    pages     = {044023},
    numpages  = {19},
    year      = {2009},
    month     = {2},
    doi       = {10.1103/PhysRevD.79.044023},
    archivePrefix = {arXiv},
    eprint    = {gr-qc/0809.3533}}

@article{B.Bruegmann_1999,
    title     = {Binary black hole mergers in 3-d numerical relativity},
    author    = {Br{\"u}gmann, B.},
    journal   = {International Journal of Modern Physics D},
    volume    = {8},
    number    = {},
    pages     = {85},
    month     = {},
    year      = {1999},
    doi       = {10.1142/S0218271899000080},
    archivePrefix = {arXiv},
    eprint    = {gr-qc/9708035}}

@article{M.Bruni_etal_1992_Apr,
    title     = {Gauge-invariant perturbations in a scalar field dominated universe},
    author    = {Bruni, M. and Ellis, G.~F.~R. and Dunsby, P.~K.~S.},
    journal   = {\cqg},
    volume    = {9},
    number    = {4},
    pages     = {921-946},
    month     = {4},
    year      = {1992},
    doi       = {10.1088/0264-9381/9/4/010}}

@article{M.Bruni_etal_1992_Aug,
    title     = {Cosmological perturbations and the physical meaning of gauge invariant variables},
    author    = {Bruni, M. and Dunsby, P. K. S. and Ellis, G. F. R.},
    journal   = {\apj},
    volume    = {395},
    number    = {Aug},
    pages     = {34-53},
    year      = {1992},
    month     = {8},
    doi       = {10.1086/171629}}
    
@article{M.Bruni_etal_1995_Jun,
    title     = {Dynamics of silent universes},
    author    = {Bruni, M. and Matarrese, S. and Pantano, O.},
    journal   = {\apj},
    volume    = {445},
    number    = {},
    pages     = {958-977},
    year      = {1995},
    month     = {6},
    doi       = {10.1086/175755},
    archivePrefix = {arXiv},
    eprint    = {astro-ph/9406068}}
    
@article{M.Bruni_etal_1995_Mar,
    author    = {Bruni, M. and Matarrese, S. and Pantano, O.},
    title     = {A Local view of the observable universe},
    journal   = {\prl},
    volume    = {74},
    number    = {11},
    pages     = {1916-1919},
    year      = {1995},
    month     = {3},
    doi       = {10.1103/PhysRevLett.74.1916},
    archivePrefix = {arXiv},
    eprint    = {astro-ph/9407054}}
    
@article{M.Bruni_etal_1997,
    title     = {Perturbations of space-time: Gauge transformations and gauge invariance at second order and beyond},
    author    = {Bruni, M. and Matarrese, S. and Mollerach, S. and Sonego, S.},
    journal   = {\cqg},
    volume    = {14},
    number    = {9},
    pages     = {2585-2606},
    year      = {1997},
    month     = {9},
    doi       = {10.1088/0264-9381/14/9/014},
    archivePrefix = {arXiv},
    eprint    = {gr-qc/9609040}}
    
@article{M.Bruni_S.Sonego_1999,
    title     = {Observables and gauge invariance in the theory of nonlinear spacetime perturbations},
    author    = {Bruni, M. and Sonego, S.},
    journal   = {\cqg},
    volume    = {16},
    number    = {7},
    pages     = {L29-L36},
    year      = {1999},
    month     = {1},
    doi       = {10.1088/0264-9381/16/7/101},
    archivePrefix = {arXiv},
    eprint    = {gr-qc/9906017}}

@article{M.Bruni_etal_2003_17Jan,
    title     = {Two-parameter nonlinear spacetime perturbations: Gauge transformations and gauge invariance},
    author    = {Bruni, M. and Gualtieri, L. and Sopuerta, C. F.},
    journal   = {\cqg},
    volume    = {20},
    number    = {3},
    pages     = {535-556},
    year      = {2003},
    month     = {1},
    doi       = {10.1088/0264-9381/20/3/310},
    archivePrefix = {arXiv},
    eprint    = {gr-qc/0207105}}

@article{M.Bruni_etal_2003_21Jan,
    title     = {Magnetic field amplification in CDM anisotropic collapse},
    author    = {Bruni, M. and Maartens, R. and Tsagas, C. G.},
    journal   = {\mnras},
    volume    = {338},
    pages     = {785},
    year      = {2003},
    month     = {1},
    doi       = {10.1046/j.1365-8711.2003.06095.x},
    archivePrefix = {arXiv},
    eprint    = {astro-ph/0208126}}
    
@article{M.Bruni_etal_2014_Feb,
    title     = {Computing General Relativistic effects from Newtonian N-body simulations: Frame dragging in the post-Friedmann approach},
    author    = {Bruni, M. and Thomas, D. B. and Wands, D.},
    journal   = {\prd},
    volume    = {89},
    number    = {4},
    pages     = {044010},
    month     = {2},
    year      = {2014},
    doi       = {10.1103/PhysRevD.89.044010},
    archivePrefix = {arXiv},
    eprint    = {astro-ph/1306.1562}}
    
@article{M.Bruni_etal_2014_Mar,
    title     = {Non-Gaussian initial conditions in $\Lambda$CDM: Newtonian, relativistic, and primordial contributions},
    author    = {Bruni, M. and Hidalgo, J. C. and Meures, N. and Wands, D.},
    journal   = {\apj},
    volume    = {785},
    number    = {1},
    pages     = {2},
    year      = {2014},
    month     = {3},
    doi       = {10.1088/0004-637X/785/1/2},
    archivePrefix = {arXiv},
    eprint    = {astro-ph/1307.1478}}
    
@article{M.Bruni_etal_2014_Sep,
    title     = {Einstein's signature in cosmological large-scale structure},
    author    = {Bruni, M. and Hidalgo, J. C. and Wands, D.},
    journal   = {\apj Letters},
    volume    = {794},
    number    = {1},
    pages     = {L11},
    year      = {2014},
    month     = {9},
    doi       = {10.1088/2041-8205/794/1/L11},
    archivePrefix = {arXiv},
    eprint    = {astro-ph/1405.7006}}

@article{T.Buchert_S.Rasanen_2012,
    title     = {Backreaction in Late-Time Cosmology},
    author    = {Buchert, T. and R\"{a}s\"{a}nen, S.},
    journal   = {Annual Review of Nuclear and Particle Science},
    volume    = {62},
    number    = {1},
    pages     = {57-79},
    month     = {},
    year      = {2012},
    doi       = {10.1146/annurev.nucl.012809.104435},
    archivePrefix = {arXiv},
    eprint    = {astro-ph/1112.5335}}

@article{T.Buchert_2000,
    title     = {On average properties of inhomogeneous fluids in general relativity. 1. Dust cosmologies},
    author    = {Buchert, T.},
    journal   = {\grg},
    volume    = {32},
    number    = {1},
    pages     = {105-125},
    month     = {1},
    year      = {2000},
    doi       = {10.1023/A:1001800617177},
    archivePrefix = {arXiv},
    eprint    = {gr-qc/0102049}}
    
@article{T.Buchert_etal_2023,
    title     = {The averaging problem on the past null cone in inhomogeneous dust cosmologies},
    author    = {Buchert, T. and van Elst, H. and Heinesen, A.},
    journal   = {\grg},
    volume    = {55},
    number    = {1},
    pages     = {7},
    month     = {12},
    year      = {2023},
    doi       = {10.1007/s10714-022-03051-x},
    archivePrefix = {arXiv},
    eprint    = {gr-qc/2202.10798}}

@article{P.Bull_etal_2016,
    title     = {Beyond $\Lambda$CDM: Problems, solutions, and the road ahead},
    author    = {Bull, P. and Akrami, Y. and Adamek, J. and Baker, T. and Bellini, E. and {Beltr{\'a}n Jim{\'e}nez}, J. and Bentivegna, E. and Camera, S. and Clesse, S. and Davis, J. H. and {Di Dio}, E. and Enander, J. and Heavens, A. and Heisenberg, L. and Hu, B. and Llinares, C. and Maartens, R. and M{\"o}rtsell, E. and Nadathur, S. and Noller, J. and Pasechnik, R. and Pawlowski, M. S. and Pereira, T. S. and Quartin, M. and Ricciardone, A. and Riemer-Sørensen, S. and Rinaldi, M. and Sakstein, J. and Saltas, I. D. and Salzano, V. and Sawicki, I. and Solomon, A. R. and Spolyar, D. and Starkman, G. D. and Steer, D. and Tereno, I. and Verde, L. and Villaescusa-Navarro, F. and {von Strauss}, M. and Winther, H. A.},
    journal   = {Physics of the Dark Universe},
    volume    = {12},
    number    = {},
    pages     = {56-99},
    month     = {6},
    year      = {2016},
    doi       = {10.1016/j.dark.2016.02.001},
    archivePrefix = {arXiv},
    eprint    = {astro-ph/1512.05356}}

    
%%%%%%%%%%%%%%%%%%%%%%%%%%%%%%%%%%%%%%%%%%%%%%%%%%%%%%%%%%%%%%%%%%%%%%%%%%%%%%%%%%%%%
%C

@article{M.Campanelli_C.O.Lousto_1999,
    title     = {Second order gauge invariant gravitational perturbations of a Kerr black hole},
    author    = {Campanelli, M. and Lousto, C. O.},
    journal   = {\prd},
    volume    = {59},
    number    = {12},
    pages     = {124022},
    month     = {5},
    year      = {1999},
    doi       = {10.1103/PhysRevD.59.124022},
    archivePrefix = {arXiv},
    eprint    = {gr-qc/9811019}}
    
@article{M.Campanelli_etal_2009,
    title     = {Algebraic classification of numerical spacetimes and black-hole-binary remnants},
    author    = {Campanelli, M. and Lousto, C. O. and Zlochower, Y.},
    journal   = {\prd},
    volume    = {79},
    number    = {8},
    pages     = {084012},
    month     = {4},
    year      = {2009},
    doi       = {10.1103/PhysRevD.79.084012},
    archivePrefix = {arXiv},
    eprint    = {gr-qc/0811.3006}}
    
@article{J.Carminati_R.G.McLenaghan_1991,
    title     = {Algebraic invariants of the Riemann tensor in a four‐dimensional Lorentzian space},
    author    = {Carminati,J. and McLenaghan, R. G.},
    journal   = {\jmp},
    volume    = {32},
    number    = {11},
    pages     = {3135-3140},
    year      = {1991},
    month     = {11},
    doi       = {10.1063/1.529470}}
    
@article{J.Centrella_1980,
    title     = {Interacting gravitational shocks in vacuum plane-symmetric cosmologies},
    author    = {Centrella, J.},
    journal   = {\apj},
    volume    = {241},
    number    = {},
    pages     = {875-885},
    year      = {1980},
    month     = {11},
    doi       = {10.1086/158400}}

@article{S.V.Chaurasia_etal_2021,
    title     = {Black hole-neutron star simulations with the BAM code: First tests and simulations},
    author    = {Chaurasia, S. V. and Dietrich, T. and Rosswog, S.},
    journal   = {\prd},
    volume    = {104},
    number    = {8},
    pages     = {084010},
    month     = {},
    year      = {2021},
    doi       = {10.1103/PhysRevD.104.084010},
    archivePrefix = {arXiv},
    eprint    = {gr-qc/2107.08752}}

@article{P.C.-K.Cheong_etal_2021,
    title     = {Gmunu: paralleled, grid-adaptive, general-relativistic magnetohydrodynamics in curvilinear geometries in dynamical space \textendash{}times},
    author    = {Cheong, P. C.-K. and Lam, A. T.-L. and Ng, H. H.-Y. and Li, T. G. F.},
    journal   = {\mnras},
    volume    = {508},
    number    = {2},
    pages     = {2279-2301},
    month     = {},
    year      = {2021},
    doi       = {10.1093/mnras/stab2606},
    archivePrefix = {arXiv},
    eprint    = {2012.07322}}
    
@article{C.Cherubini_etal_2004,
    title     = {Petrov classification of perturbed spacetimes: The Kasner example},
    author    = {Cherubini, C. and Bini, D. and Bruni, M. and Perjes, Z.},
    journal   = {\cqg},
    volume    = {21},
    number    = {21},
    pages     = {4833-4843},
    year      = {2004},
    month     = {10},
    doi       = {10.1088/0264-9381/21/21/006},
    archivePrefix = {arXiv},
    eprint    = {gr-qc/0404075v1}}
    
@article{C.Cherubini_etal_2005,
    title     = {The speciality index as invariant indicator in the BKL mixmaster dynamics},
    author    = {Cherubini, C. and Bini, D. and Bruni, M. and Perjes, Z.},
    journal   = {\cqg},
    volume    = {22},
    number    = {9},
    pages     = {1763-1768},
    year      = {2005},
    month     = {4},
    doi       = {10.1088/0264-9381/22/9/018},
    archivePrefix = {arXiv},
    eprint    = {gr-qc/0408040v1}}
    
@article{M.H-Y.Cheung_etal_2023,
    title     = {Nonlinear effects in black hole ringdown},
    author    = {Cheung, M. H-Y. and Baibhav, V. and Berti, E. and Cardoso, V. and Carullo, G. and Cotesta, R. and Del Pozzo, W. and Duque, F. and Helfer, T. and Shukla, E. and Wong, K. W. K.},
    journal   = {\prl},
    volume    = {130},
    number    = {8},
    pages     = {081401},
    month     = {2},
    year      = {2023},
    doi       = {10.1103/PhysRevLett.130.081401},
    archivePrefix = {arXiv},
    eprint    = {gr-qc/2208.07374}}

@article{E.B.Christoffel_1869,
    title     = {Ueber die Transformation der homogenen Differentialausdr{\"u}cke zweiten Grades},
    author    = {Christoffel, E. B.},
    journal   = {Journal f{\"u}r die reine und angewandte Mathematik},
    volume    = {},
    number    = {},
    pages     = {46},
    month     = {},
    year      = {1869},
    note      = {\href{http://resolver.sub.uni-goettingen.de/purl?PPN243919689_0070}{LINK}}}

@article{C.A.Clarkson_2004,
    title     = {Density fluctuations and gravity waves: A Covariant approach to gauge - invariant non-linear cosmological perturbation theory},
    author    = {Clarkson, C. A.},
    journal   = {\prd},
    volume    = {70},
    number    = {12},
    pages     = {103524},
    month     = {12},
    year      = {2004},
    doi       = {10.1103/PhysRevD.70.129902},
    note      = {[Erratum: Phys.Rev.D 70, 129902 (2004)]},
    archivePrefix = {arXiv},
    eprint    = {astro-ph/0311505}}

@article{R.Clausius_1870,
    title     = {XVI. On a mechanical theorem applicable to heat},
    author    = {Clausius, R.},
    journal   = {The London, Edinburgh, and Dublin Philosophical Magazine and Journal of Science},
    volume    = {40},
    number    = {265},
    pages     = {122-127},
    month     = {},
    year      = {1870},
    doi       = {10.1080/14786447008640370}}
    
@article{T.Clifton_etal_2017,
    title     = {The magnetic part of the Weyl tensor, and the expansion of discrete universes},
    author    = {Clifton, T. and Gregoris, D. and Rosquist, K.},
    journal   = {\grg},
    volume    = {49},
    number    = {2},
    pages     = {30},
    year      = {2017},
    month     = {1},
    doi       = {10.1007/s10714-017-2192-0},
    archivePrefix = {arXiv},
    eprint    = {gr-qc/1607.00775}}

@article{K.Clough_etal_2015,
    title     = {GRChombo: Numerical relativity with adaptive mesh refinement},
    author    = {Clough, K. and Figueras, P. and Finkel, H. and Kunesch, M. and Lim, E. A. and Tunyasuvunakool, S.},
    journal   = {\cqg},
    volume    = {32},
    number    = {24},
    pages     = {245011},
    month     = {12},
    year      = {2015},
    doi       = {10.1088/0264-9381/32/24/245011},
    archivePrefix = {arXiv},
    eprint    = {gr-qc/1503.03436}}
    
@misc{K.Clough_E.A.Lim_2016,
    title     = {Critical Phenomena in Non-spherically Symmetric Scalar Bubble Collapse}, 
    author    = {Clough, K. and Lim, E. A.},
    journal   = {},
    volume    = {},
    number    = {},
    pages     = {},
    year      = {2016},
    month     = {},
    doi       = {},
    archivePrefix = {arXiv},
    eprint    = {gr-qc/1602.02568}}
    
@article{K.Clough_etal_2017,
    title     = {Robustness of Inflation to Inhomogeneous Initial Conditions},
    author    = {Clough, K. and Lim, E. A. and DiNunno, B. S. and Fischler, W. and Flauger, R. and Paban, S.},
    journal   = {\jcap},
    volume    = {2017},
    number    = {09},
    pages     = {025},
    month     = {9},
    year      = {2017},
    doi       = {10.1088/1475-7516/2017/09/025},
    archivePrefix = {arXiv},
    eprint    = {hep-th/1608.04408}}

@article{K.Clough_etal_2018,
    title     = {Robustness of inflation to large tensor perturbations},
    author    = {Clough, K. and Flauger, R. and Lim, E.~A.},
    journal   = {\jcap},
    volume    = {2018},
    number    = {5},
    pages     = {65-65},
    month     = {5},
    year      = {2018},
    doi       = {10.1088/1475-7516/2018/05/065},
    archivePrefix = {arXiv},
    eprint    = {hep-th/1712.07352}}
    
@article{L.Coates_etal_2021,
    title     = {Observing relativistic features in large-scale structure surveys \textendash{} II. Doppler magnification in an ensemble of relativistic simulations},
    author    = {Coates, L. and Adamek, J. and Bull, P. and Guandalin, C. and Clarkson, C.},
    journal   = {\mnras},
    volume    = {504},
    number    = {3},
    pages     = {3534-3543},
    year      = {2021},
    month     = {4},
    doi       = {10.1093/mnras/stab1076},
    archivePrefix = {arXiv},
    eprint    = {astro-ph/2011.12936}}
    
@article{A.Coley_etal_2021,
    title     = {Geometric horizons in binary black hole mergers},
    author    = {Coley, A. and Peters, J. M. and Schnetter, E.},
    journal   = {\cqg},
    volume    = {38},
    number    = {17},
    pages     = {17LT01},
    year      = {2021},
    month     = {7},
    doi       = {10.1088/1361-6382/ac10ed},
    archivePrefix = {arXiv},
    eprint    = {gr-qc/2108.04210}}
    
@article{C.B.Collins_J.M.Stewart_1971,
    title     = {Qualitative Cosmology},
    author    = {Collins, C. B. and Stewart, J. M.},
    journal   = {\mnras},
    volume    = {153},
    number    = {4},
    pages     = {419-434},
    year      = {1971},
    month     = {9},
    doi       = {10.1093/mnras/153.4.419}}
    
@article{M.Corman_W.E.East_2022,
    title     = {Starting inflation from inhomogeneous initial conditions with momentum},
    author    = {Corman, M. and East, W. E.},
    journal   = {},
    volume    = {},
    number    = {},
    pages     = {},
    month     = {12},
    year      = {2022},
    doi       = {},
    archivePrefix = {arXiv},
    eprint    = {gr-qc/2212.04479}}
    
%%%%%%%%%%%%%%%%%%%%%%%%%%%%%%%%%%%%%%%%%%%%%%%%%%%%%%%%%%%%%%%%%%%%%%%%%%%%%%%%%%%%%
%D
    
@article{R.DInverno_R.Russell-Clark_1971,
    title     = {Classification of the Harrison metrics},
    author    = {D'Inverno, R. and Russell-Clark, R.},
    journal   = {\jmp},
    volume    = {12},
    number    = {7},
    pages     = {1258-1263},
    year      = {1971},
    month     = {10},
    doi       = {10.1063/1.1665729}}

@article{A.Danehkar_2009,
    title     = {On the Significance of the Weyl Curvature in a Relativistic Cosmological Model},
    author    = {Danehkar, A.},
    journal   = {Modern \pl},
    volume    = {24},
    pages     = {3113-3127},
    year      = {2009},
    month     = {8},
    doi       = {10.1142/S0217732309032046},
    archivePrefix = {arXiv},
    eprint    = {physics.gen-ph/0707.2987}}

@article{A.Danehkar_2022,
    title     = {Covariant Evolution of Gravitoelectromagnetism},
    author    = {Danehkar, A.},
    journal   = {Universe},
    volume    = {8},
    number    = {6},
    pages     = {318},
    year      = {2022},
    month     = {6},
    doi       = {10.3390/universe8060318},
    archivePrefix = {arXiv},
    eprint    = {gr-qc/2206.13946}}

@article{B.Daszuta_etal_2021,
    title     = {GR-Athena++: Puncture Evolutions on Vertex-centered Oct-tree Adaptive Mesh Refinement},
    author    = {Daszuta, B. and Zappa, F. and Cook, W. and Radice, D. and Bernuzzi, S. and Morozova, V.},
    journal   = {Astrophys. J. Supp.},
    volume    = {257},
    number    = {2},
    pages     = {25},
    month     = {},
    year      = {2021},
    doi       = {10.3847/1538-4365/ac157b},
    archivePrefix = {arXiv},
    eprint    = {gr-qc/2101.08289}}

@article{T.M.Davis_C.H.Lineweaver_2004, 
    title     = {Expanding Confusion: Common Misconceptions of Cosmological Horizons and the Superluminal Expansion of the Universe}, 
    author    = {Davis, T. M. and Lineweaver, C. H.}, 
    journal   = {Publications of the Astronomical Society of Australia},
    volume    = {21}, 
    number    = {1}, 
    pages     = {97–109}, 
    year      = {2004}, 
    doi       = {10.1071/AS03040},
    archivePrefix = {arXiv},
    eprint    = {astro-ph/0310808}}

@article{E.de_Jong_etal_2022,
    title     = {Primordial black hole formation with full numerical relativity},
    author    = {{de Jong}, E. and Aurrekoetxea, J. C. and Lim, E. A.},
    journal   = {\jcap},
    volume    = {03},
    number    = {03},
    pages     = {029},
    month     = {3},
    year      = {2022},
    doi       = {10.1088/1475-7516/2022/03/029},
    archivePrefix = {arXiv},
    eprint    = {2109.04896}}

@misc{E.de_Jong_etal_2023,
    title     = {Spinning primordial black holes formed during a matter-dominated era},
    author    = {{de Jong}, E. and Aurrekoetxea, J. C. and Lim, E. A. and Fran\c{c}a, T.},
    month     = {6},
    year      = {2023},
    archivePrefix = {arXiv},
    eprint    = {2306.11810}}

@article{W.de_Sitter_1917,
    title     = {On Einstein's Theory of Gravitation and its Astronomical Consequences. Third Paper.},
    author    = {{de Sitter}, W.},
    journal   = {\mnras},
    volume    = {78},
    number    = {1},
    pages     = {3-28},
    month     = {11},
    year      = {1917},
    doi       = {10.1093/mnras/78.1.3}}

@article{E.DiValentino_etal_2021,
    title     = {In the realm of the Hubble tension {\textemdash} a review of solutions},
    author    = {Di Valentino, E. and Mena, O. and Pan, S. and Visinelli, L. and Yang, W. and Melchiorri, A. and Mota, D. F. and Riess, A. G. and Silk, J.},
    journal   = {\cqg},
    volume    = {38},
    number    = {15},
    pages     = {153001},
    month     = {7},
    year      = {2021},
    doi       = {10.1088/1361-6382/ac086d},
    archivePrefix = {arXiv},
    eprint    = {astro-ph/2103.01183}}
    
@article{P.K.S.Dunsby_etal_1992,
    title     = {Covariant Perturbations in a multifluid cosmological medium},
    author    = {Dunsby, P. K. S. and Bruni, M. and Ellis, G. F. R.},
    journal   = {\apj},
    volume    = {395},
    number    = {},
    pages     = {54-73},
    year      = {1992},
    month     = {8},
    doi       = {10.1086/171630}}
    
@article{R.Durrer_1994,
    title     = {Gauge invariant cosmological perturbation theory: A General study and its application to the texture scenario of structure formation},
    author    = {Durrer, R.},
    journal   = {Fundamentals of cosmic physics},
    volume    = {15},
    number    = {},
    pages     = {209-339},
    year      = {1994},
    month     = {1},
    doi       = {},
    archivePrefix = {arXiv},
    eprint = {astro-ph/9311041}}
    
%%%%%%%%%%%%%%%%%%%%%%%%%%%%%%%%%%%%%%%%%%%%%%%%%%%%%%%%%%%%%%%%%%%%%%%%%%%%%%%%%%%%%
%E

@article{D.M.Eardley_L.Smarr_1979,
    title     = {Time functions in numerical relativity: Marginally bound dust collapse},
    author    = {Eardley, D. M. and Smarr, L.},
    journal   = {\prd},
    volume    = {19},
    number    = {8},
    pages     = {2239-2259},
    month     = {4},
    year      = {1979},
    doi       = {10.1103/PhysRevD.19.2239}}

@article{W.E.East_etal_2012,
    title     = {Hydrodynamics in full general relativity with conservative adaptive mesh refinement},
    author    = {East, W. E. and Pretorius, F. and Stephens, B. C.},
    journal   = {\prd},
    volume    = {85},
    number    = {12},
    pages     = {124010},
    numpages  = {19},
    year      = {2012},
    month     = {6},
    doi       = {10.1103/physrevd.85.124010},
    archivePrefix = {arXiv},
    eprint    = {gr-qc/1112.3094}}

@article{W.E.East_etal_2018,
    title     = {Comparing fully general relativistic and Newtonian calculations of structure formation},
    author    = {East, W. E. and Wojtak, R. and Abel, T.},
    journal   = {\prd},
    volume    = {97},
    number    = {4},
    pages     = {043509},
    numpages  = {15},
    year      = {2018},
    month     = {2},
    doi       = {10.1103/PhysRevD.97.043509},
    archivePrefix = {arXiv},
    eprint    = {astro-ph/1711.06681}}
    
@article{W.E.East_etal_2019,
    title     = {Einstein-Vlasov Calculations of Structure Formation},
    author    = {East, W. E. and Wojtak, R. and Pretorius, F.},
    journal   = {\prd},
    volume    = {100},
    number    = {10},
    pages     = {103533},
    year      = {2019},
    month     = {11},
    doi       = {10.1103/PhysRevD.100.103533},
    archivePrefix = {arXiv},
    eprint    = {astro-ph/1908.05683}}
    
@article{J.Ehlers_T.Buchert_2009,
    title     = {On the Newtonian limit of the Weyl tensor},
    author    = {Ehlers, J. and Buchert, T.},
    journal   = {\grg},
    volume    = {41},
    number    = {9},
    pages     = {2153-2158},
    month     = {9},
    year      = {2009},
    doi       = {10.1007/s10714-009-0855-1},
    archivePrefix = {arXiv},
    eprint    = {gr-qc/0907.2645}}

@article{A.Einstein_1916,
    title     = {The Foundation of the General Theory of Relativity},
    author    = {Einstein, A.},
    journal   = {Annalen der Physik},
    volume    = {49},
    number    = {},
    pages     = {769-822},
    month     = {5},
    year      = {1916},
    note      = {\href{https://einsteinpapers.press.princeton.edu/vol6-trans/158}{LINK}}}
    
@article{A.Einstein_1917,
    title     = {Cosmological Considerations in the General Theory of Relativity},
    author    = {Einstein, A.},
    journal   = {Sitzungsberichte der K{\"o}niglich Preu{\ss}ischen Akademie der Wissenschaften (Berlin)},
    volume    = {},
    number    = {},
    pages     = {142-152},
    month     = {2},
    year      = {1917},
    note      = {\href{https://einsteinpapers.press.princeton.edu/vol6-trans/433}{LINK}}}

@article{A.Einstein_W.de_Sitter_1932,
    title     = {On the Relation between the Expansion and the Mean Density of the Universe},
    author    = {Einstein, A. and {de Sitter}, W.},
    journal   = {Proceedings of the National Academy of Sciences},
    volume    = {18},
    number    = {3},
    pages     = {213-214},
    month     = {},
    year      = {1932},
    doi       = {10.1073/pnas.18.3.213}}
    
@article{G.F.R.Ellis_M.Bruni_1989,
    title     = {Covariant and gauge-invariant approach to cosmological density fluctuations},
    author    = {Ellis, G. F. R. and Bruni, M.},
    journal   = {\prd},
    volume    = {40},
    number    = {6},
    pages     = {1804-1818},
    year      = {1989},
    month     = {9},
    doi       = {10.1103/PhysRevD.40.1804}}
    
@article{G.F.R.Ellis_etal_1990,
    title     = {Density Gradient - Vorticity Relation in Perfect Fluid {Robertson-Walker} Perturbations},
    author    = {Ellis, G. F. R. and Bruni, M. and Hwang, J.},
    journal   = {\prd},
    volume    = {42},
    number    = {4},
    pages     = {1035-1046},
    year      = {1990},
    month     = {8},
    doi       = {10.1103/PhysRevD.42.1035}}
    
@article{G.F.R.Ellis_H.van_Elst_1999,
    title     = {Cosmological models: Cargese lectures 1998},
    author    = {Ellis, G. F. R. and van Elst, H.},
    journal   = {NATO Science Series C},
    volume    = {541},
    number    = {},
    pages     = {1-116},
    year      = {1999},
    doi       = {10.1007/978-94-011-4455-1_1},
    archivePrefix = {arXiv},
    eprint    = {gr-qc/9812046}}
    
@article{G.F.R.Ellis_2009,
    title     = {Republication of: Relativistic cosmology},
    author    = {Ellis, G. F. R.},
    journal   = {\grg},
    volume    = {41},
    number    = {3},
    pages     = {581-660},
    month     = {3},
    year      = {2009},
    doi       = {10.1007/s10714-009-0760-7}}

@article{A.Escriva_2020,
    title     = {Simulation of primordial black hole formation using pseudo-spectral methods},
    author    = {Escriv\`a, Albert},
    journal   = {\pdu},
    volume    = {27},
    pages     = {100466},
    month     = {1},
    year      = {2020},
    doi       = {10.1016/j.dark.2020.100466},
    archivePrefix = {arXiv},
    eprint    = {gr-qc/1907.13065}}

@article{A.Escriva_etal_2022,
    title     = {Simulation of primordial black holes with large negative non-Gaussianity},
    author    = {Escriv\`a, A. and Tada, Y. and Yokoyama, S. and Yoo, C.-M.},
    journal   = {\jcap},
    volume    = {05},
    number    = {05},
    pages     = {012},
    month     = {},
    year      = {2022},
    doi       = {10.1088/1475-7516/2022/05/012},
    archivePrefix = {arXiv},
    eprint    = {2202.01028}}

@article{A.Escriva_C.-M.Yoo_2023,
    author    = {Escriv\`a, A. and Yoo, C.-M.},
    title     = {Primordial Black Hole formation from overlapping cosmological fluctuations},
    year      = {2023},
    month     = {10},
    archivePrefix = {arXiv},
    eprint    = {gr-qc/2310.16482}}

@article{The_Event_Horizon_Telescope_2019I,
    title     = {First M87 Event Horizon Telescope Results. I. The Shadow of the Supermassive Black Hole},
    author    = {{The Event Horizon Telescope Collaboration}},
    journal   = {\apj Letters},
    volume    = {875},
    number    = {1},
    pages     = {L1},
    month     = {4},
    year      = {2019},
    doi       = {10.3847/2041-8213/ab0ec7},
    archivePrefix = {arXiv},
    eprint    = {astro-ph/1906.11238}}

@article{The_Event_Horizon_Telescope_2019V,
    title     = {First M87 Event Horizon Telescope Results. V. Physical Origin of the Asymmetric Ring},
    author    = {Akiyama, K. and others},
    author    = {{The Event Horizon Telescope Collaboration}},
    journal   = {\apjl},
    volume    = {875},
    number    = {1},
    pages     = {L5},
    month     = {},
    year      = {2019},
    doi       = {10.3847/2041-8213/ab0f43},
    archivePrefix = {arXiv},
    eprint    = {astro-ph/1906.11242}}

@article{The_Event_Horizon_Telescope_2022,
    title     = {First Sagittarius A* Event Horizon Telescope Results. I. The Shadow of the Supermassive Black Hole in the Center of the Milky Way},
    author    = {{The Event Horizon Telescope Collaboration}},
    journal   = {\apj Letters},
    volume    = {930},
    number    = {2},
    pages     = {L12},
    month     = {},
    year      = {2022},
    doi       = {10.3847/2041-8213/ac6674}}
    
%%%%%%%%%%%%%%%%%%%%%%%%%%%%%%%%%%%%%%%%%%%%%%%%%%%%%%%%%%%%%%%%%%%%%%%%%%%%%%%%%%%%%
%F

@article{M.Fernando_etal_2019,
    title     = {Massively Parallel Simulations of Binary Black Hole Intermediate-Mass-Ratio Inspirals},
    author    = {Fernando, M. and Neilsen, D. and Lim, H. and Hirschmann, E. and Sundar, H.},
    journal   = {SIAM Journal on Scientific Computing},
    volume    = {41},
    number    = {2},
    pages     = {C97-C138},
    month     = {},
    year      = {2019},
    doi       = {10.1137/18M1196972},
    archivePrefix = {arXiv},
    eprint    = {gr-qc/1807.06128}}
    
@article{C.Fidler_etal_2016,
    title     = {Relativistic interpretation of Newtonian simulations for cosmic structure formation},
    author    = {Fidler, C. and Tram, T. and Rampf, C. and Crittenden, R. and Koyama, K. and Wands, D.},
    journal   = {\jcap},
    volume    = {2016},
    number    = {09},
    pages     = {031-031},
    year      = {2016},
    month     = {9},
    doi       = {10.1088/1475-7516/2016/09/031},
    archivePrefix = {arXiv},
    eprint    = {astro-ph/1606.05588}}
    
@article{C.Fidler_etal_2017,
    title     = {Relativistic initial conditions for N-body simulations},
    author    = {Fidler, C. and Tram, T. and Rampf, C. and Crittenden, R. and Koyama, K. and Wands, D.},
    journal   = {\jcap},
    volume    = {2017},
    number    = {06},
    pages     = {043-043},
    year      = {2017},
    month     = {6},
    doi       = {10.1088/1475-7516/2017/06/043},
    archivePrefix = {arXiv},
    eprint    = {astro-ph/1702.03221}}
    
@article{J.A.Font_2003,
    title     = {Numerical Hydrodynamics in General Relativity},
    author    = {Font, J. A.},
    journal   = {\lrr},
    volume    = {6},
    number    = {1},
    pages     = {1433-8351},
    year      = {2003},
    month     = {8},
    doi       = {10.12942/lrr-2003-4}}
    
@article{J.A.Font_2008,
    title     = {Numerical Hydrodynamics and Magnetohydrodynamics in General Relativity},
    author    = {Font, J. A.},
    journal   = {\lrr},
    volume    = {11},
    number    = {7},
    pages     = {},
    year      = {2008},
    month     = {9},
    doi       = {10.12942/lrr-2008-7}}

@article{B.Fornberg_1988,
    title     = {Generation of finite difference formulas on arbitrarily spaced grids},
    author    = {Fornberg, B.},
    journal   = {Mathematics of computation},
    volume    = {51},
    number    = {},
    pages     = {699-706},
    year      = {1988},
    month     = {},
    doi       = {10.1090/S0025-5718-1988-0935077-0}}

@article{Y.Foures-Bruhat_1952,
    title     = {Th{\'e}or{\`e}me d'existence pour certains syst{\`e}mes d'{\'e}quations aux d{\'e}riv{\'e}es partielles non lin{\'e}aires},
    author    = {Four{\`e}s-Bruhat, Y.},
    journal   = {Acta Mathematica},
    volume    = {88},
    pages     = {141-225},
    year      = {1952},
    doi       = {10.1007/BF02392131}}

@article{A.Friedmann_1922,
    title     = {{\"U}ber die Kr{\"u}mmung des Raumes},
    author    = {Friedmann, A.},
    journal   = {Zeitschrift fur Physik},
    volume    = {10},
    number    = {1},
    pages     = {377-386},
    month     = {12},
    year      = {1922},
    doi       = {10.1007/BF01332580}}

@article{A.Friedmann_1924,
    title     = {{\"U}ber die M{\"o}glichkeit einer Welt mit konstanter negativer Kr{\"u}mmung des Raumes},
    author    = {Friedmann, A.},
    journal   = {Zeitschrift fur Physik},
    volume    = {21},
    number    = {1},
    pages     = {326-332},
    month     = {12},
    year      = {1924},
    doi       = {10.1007/BF01328280}}
    
%%%%%%%%%%%%%%%%%%%%%%%%%%%%%%%%%%%%%%%%%%%%%%%%%%%%%%%%%%%%%%%%%%%%%%%%%%%%%%%%%%%%%
%G

@article{J.R.Gair_etal_2023,
    title     = {The Hitchhiker’s Guide to the Galaxy Catalog Approach for Dark Siren Gravitational-wave Cosmology},
    author    = {Gair, J. R. and Ghosh, A. and Gray, R. and Holz, D. E. and Mastrogiovanni, S. and Mukherjee, S. and Palmese, A. and Tamanini, N. and Baker, T. and Beirnaert, F. and Bilicki, M. and Chen, H.-Y. and Dálya, G. and Ezquiaga, J. M. and Farr, W. M. and Fishbach, M. and Garcia-Bellido, J. and Ghosh, T. and Huang, H.-Y. and Karathanasis, C. and Leyde, K. and Hernandez, I. M. and Noller, J. and Pierra, G. and Raffai, P. and Romano, A. E. and Seglar-Arroyo, M. and Steer, D. A. and Turski, C. and Vaccaro, M. P. and Vallejo-Peña, S. A.},
    journal   = {The Astronomical Journal},
    volume    = {166},
    number    = {1},
    pages     = {22},
    month     = {6},
    year      = {2023},
    doi       = {10.3847/1538-3881/acca78},
    archivePrefix = {arXiv},
    eprint    = {gr-qc/2212.08694}}

@article{A.Garat_R.H.Price_2000,
    title     = {Gauge invariant formalism for second order perturbations of Schwarzschild space-times},
    author    = {Garat, A. and Price, R. H.},
    journal   = {\prd},
    volume    = {61},
    number    = {4},
    pages     = {044006},
    month     = {1},
    year      = {2000},
    doi       = {10.1103/PhysRevD.61.044006},
    archivePrefix = {arXiv},
    eprint    = {gr-qc/9909005}}
    
@article{U.H.Gerlach_U.K.Sengupta_1978,
    title     = {Relativistic Equations for Aspherical Gravitational Collapse},
    author    = {Gerlach, U. H. and Sengupta, U. K.},
    journal   = {\prd},
    volume    = {18},
    number    = {6},
    pages     = {1789-1797},
    year      = {1978},
    month     = {9},
    doi       = {10.1103/PhysRevD.18.1789}}
    
@article{G.Geshnizjani_R.Brandenberger_2002,
    title     = {Back reaction and the local cosmological expansion rate},
    author    = {Geshnizjani, G. and Brandenberger, R.},
    journal   = {\prd},
    volume    = {66},
    issue     = {12},
    pages     = {123507},
    numpages  = {6},
    year      = {2002},
    month     = {12},
    doi       = {10.1103/PhysRevD.66.123507},
    archivePrefix = {arXiv},
    eprint    = {hep-th/0310265}}

@article{B.Giacomazzo_L.Rezzolla_2007,
    title     = {WhiskyMHD: A New numerical code for general relativistic magnetohydrodynamics},
    author    = {Giacomazzo, B. and Rezzolla, L.},
    journal   = {\cqg},
    volume    = {24},
    number    = {},
    pages     = {S235-S258},
    month     = {},
    year      = {2007},
    doi       = {10.1088/0264-9381/24/12/S16},
    archivePrefix = {arXiv},
    eprint    = {gr-qc/0701109}}
    
@article{J.T.Giblin_etal_2016_Jun,
    title     = {Departures from the Friedmann-Lema{\^i}tre-Robertston-Walker Cosmological Model in an Inhomogeneous Universe: A Numerical Examination},
    author    = {Giblin, J. T. and Mertens, J. B. and Starkman, G. D.},
    journal   = {\prl},
    volume    = {116},
    number    = {25},
    pages     = {251301},
    numpages  = {5},
    year      = {2016},
    month     = {6},
    doi       = {10.1103/PhysRevLett.116.251301},
    archivePrefix = {arXiv},
    eprint    = {gr-qc/1511.01105}}
    
@article{J.T.Giblin_etal_2016_Dec,
    title     = {Observable deviations from homogeneity in an inhomogeneous universe},
    author    = {Giblin, J. T. and Mertens, J. B. and Starkman, G. D.},
    journal   = {\apj},
    volume    = {833},
    number    = {2},
    pages     = {247},
    month     = {12},
    year      = {2016},
    doi       = {10.3847/1538-4357/833/2/247},
    archivePrefix = {arXiv},
    eprint    = {astro-ph/1608.04403}}
    
@article{J.T.Giblin_etal_2017,
    title     = {General relativistic corrections to the weak lensing convergence power spectrum},
    author    = {Giblin, J. T. and Mertens, J. B. and Starkman, G. D. and Zentner, A. R.},
    journal   = {\prd},
    volume    = {96},
    number    = {10},
    pages     = {103530},
    numpages  = {9},
    month     = {11},
    year      = {2017},
    doi       = {10.1103/physrevd.96.103530},
    archivePrefix = {arXiv},
    eprint    = {astro-ph/1707.06640}}
    
@article{J.T.Giblin_etal_2019_Jan,
    title     = {Limited Accuracy of Linearized Gravity},
    author    = {Giblin, J. T. and Mertens, J. B. and Starkman, G. D. and Tian, C.},
    journal   = {\prd},
    volume    = {99},
    number    = {2},
    pages     = {023527},
    numpages  = {17},
    year      = {2019},
    month     = {1},
    doi       = {10.1103/PhysRevD.99.023527},
    archivePrefix = {arXiv},
    eprint    = {astro-ph/1810.05203}}

@article{J.T.Giblin_etal_2019_Sep,
    title     = {Cosmic expansion from spinning black holes},
    author    = {Giblin, J. T. and Mertens, J. B. and Starkman, G. D. and Tian, C.},
    journal   = {\cqg},
    volume    = {36},
    number    = {19},
    pages     = {195009},
    month     = {9},
    year      = {2019},
    doi       = {10.1088/1361-6382/ab3bf2},
    archivePrefix = {arXiv},
    eprint    = {gr-qc/1903.01490}}

@article{S.Gillessen_etal_2009,
    title     = {Monitoring stellar orbits around the Massive Black Hole in the Galactic Center},
    author    = {Gillessen, S. and Eisenhauer, F. and Trippe, S. and Alexander, T. and Genzel, R. and Martins, F. and Ott, T.},
    journal   = {Astrophys. J.},
    volume    = {692},
    number    = {},
    pages     = {1075-1109},
    month     = {},
    year      = {2009},
    doi       = {10.1088/0004-637X/692/2/1075},
    archivePrefix = {arXiv},
    eprint    = {0810.4674}}
    
@article{A.Giusti_V.Faraoni_2021,
    title     = {Turnaround physics beyond spherical symmetry},
    author    = {Giusti, A. and Faraoni, V.},
    journal   = {\prd},
    volume    = {103},
    issue     = {4},
    pages     = {044049},
    numpages  = {10},
    year      = {2021},
    month     = {2},
    doi       = {10.1103/PhysRevD.103.044049},
    archivePrefix = {arXiv},
    eprint    = {gr-qc/1911.05130}}

@article{R.J.Gleiser_etal_2000,
    title     = {Gravitational radiation from Schwarzschild black holes: The Second order perturbation formalism},
    author    = {Gleiser, R. J. and Nicasio, C. O. and Price, R. H. and Pullin, J.},
    journal   = {\pr},
    volume    = {325},
    number    = {2},
    pages     = {41-81},
    month     = {2},
    year      = {2000},
    doi       = {10.1016/S0370-1573(99)00048-4},
    archivePrefix = {arXiv},
    eprint    = {gr-qc/9807077}}
    
@article{S.R.Goldberg_etal_2017,
    title     = {Cosmology on all scales: a two-parameter perturbation expansion},
    author    = {Goldberg, S. R. and Clifton, T. and Malik, K. A.},
    journal   = {\prd},
    volume    = {95},
    number    = {4},
    pages     = {043503},
    month     = {2},
    year      = {2017},
    doi       = {10.1103/PhysRevD.95.043503},
    archivePrefix = {arXiv},
    eprint    = {astro-ph/1610.08882}}
    
@article{D.S.Goldwirth_T.Piran_1989,
    title     = {Inhomogeneity and the Onset of Inflation},
    author    = {Goldwirth, D. S. and Piran, T.},
    journal   = {\prl},
    volume    = {64},
    number    = {24},
    pages     = {2852-2855},
    year      = {1990},
    month     = {6},
    doi       = {10.1103/PhysRevLett.64.2852}}

@article{A.Goobar_etal_2023,
    title     = {Uncovering a population of gravitational lens galaxies with magnified standard candle SN Zwicky},
    author    = {Goobar, A. and Johansson, J. and Schulze, S. and Arendse, N. and Carracedo, A. S. and Dhawan, S. and M{\"o}rtsell, E. and Fremling, C. and Yan, L. and Perley, D. and Sollerman, J. and Joseph, R. and Hinds, K.-R. and Meynardie, W. and Andreoni, I. and Bellm, E. and Bloom, J. and Collett, T. E. and Drake, A. and Graham, M. and Kasliwal, M. and Kulkarni, S. R. and Lemon, C. and Miller, A. A. and Neill, J. D. and Nordin, J. and Pierel, J. and Richard, J. and Riddle, R. and Rigault, M. and Rusholme, B. and Sharma, Y. and Stein, R. and Stewart, G. and Townsend, A. and Vinko, J. and Wheeler, J. C. and Wold, A. },
    journal   = {Nature Astronomy},
    month     = {6},
    year      = {2023},
    doi       = {10.1038/s41550-023-01981-3},
    archivePrefix = {arXiv},
    eprint    = {2211.00656}}
    
@article{S.W.Goode_J.Wainwright_1982,
    title     = {Singularities and evolution of the Szekeres cosmological models},
    author    = {Goode, S. W. and Wainwright, J.},
    journal   = {\prd},
    volume    = {26},
    issue     = {12},
    pages     = {3315-3326},
    numpages  = {0},
    year      = {1982},
    month     = {12},
    doi       = {10.1103/PhysRevD.26.3315}}
    
@article{S.W.Goode_1989,
    title     = {Analysis of spatially inhomogeneous perturbations of the FRW cosmologies},
    author    = {Goode, S. W.},
    journal   = {\prd},
    volume    = {39},
    number    = {10},
    pages     = {2882--2892},
    numpages  = {0},
    year      = {1989},
    month     = {5},
    doi       = {10.1103/PhysRevD.39.2882}}

@article{M.Gosenca_etal_2017,
    title     = {3D simulations with boosted primordial power spectra and ultracompact minihalos},
    author    = {Gosenca, M. and Adamek, J. and Byrnes, C. T. and Hotchkiss, S.},
    journal   = {\prd},
    volume    = {96},
    number    = {12},
    pages     = {123519},
    month     = {12},
    year      = {2017},
    doi       = {10.1103/PhysRevD.96.123519},
    archivePrefix = {arXiv},
    eprint    = {1710.02055}}

@misc{E.Gourgoulhon_2007,
    title     = {3+1 formalism and bases of numerical relativity},
    author    = {Gourgoulhon, E.},
    year      = {2007},
    archivePrefix = {arXiv},
    eprint    = {gr-qc/0703035}}

@article{P.Grandclement_2010,
    title     = {Kadath: A Spectral solver for theoretical physics},
    author    = {Grandcl{\'e}ment, P.},
    journal   = {J. Comput. Phys.},
    volume    = {229},
    number    = {9},
    pages     = {3334-3357},
    month     = {5},
    year      = {2010},
    doi       = {10.1016/j.jcp.2010.01.005},
    archivePrefix = {arXiv},
    eprint    = {gr-qc/0909.1228}}

@article{M.Grasso_etal_2021,
    title     = {Isolating nonlinearities of light propagation in inhomogeneous cosmologies},
    author    = {Grasso, M. and Villa, E. and Korzy'nski, M. and Matarrese, S.},
    journal   = {\prd},
    volume    = {104},
    number    = {4},
    pages     = {043508},
    month     = {8},
    year      = {2021},
    doi       = {10.1103/PhysRevD.104.043508},
    archivePrefix = {arXiv},
    eprint    = {astro-ph/2105.04552}}

@article{M.Grasso_E.Villa_2021,
    title     = {BiGONLight: light propagation with bilocal operators in numerical relativity},
    author    = {Grasso, M. and Villa, E.},
    journal   = {\cqg},
    volume    = {39},
    number    = {1},
    pages     = {015011},
    month     = {12},
    year      = {2021},
    doi       = {10.1088/1361-6382/ac35aa},
    archivePrefix = {arXiv},
    eprint    = {gr-qc/2107.06306}}
    
@article{H.A.Gressel_M.Bruni_2018,
    title     = {$f_NL$\ensuremath-$g_NL$ mixing in the matter density field at higher orders},
    author    = {Gressel, H. A. and Bruni, M.},
    journal   = {\jcap},
    volume    = {2018},
    number    = {6},
    pages     = {016},
    month     = {6},
    year      = {2018},
    doi       = {10.1088/1475-7516/2018/06/016},
    archivePrefix = {arXiv},
    eprint    = {astro-ph/1712.08687}}
    
@article{C.Guandalin_etal_2020,
    title     = {Observing relativistic features in large-scale structure surveys – I. Multipoles of the power spectrum},
    author    = {Guandalin, C. and Adamek, J. and Bull, P. and Clarkson, C. and Abramo, L. R. and Coates, L.},
    journal   = {\mnras},
    volume    = {501},
    number    = {2},
    pages     = {2547-2561},
    year      = {2020},
    month     = {12},
    doi       = {10.1093/mnras/staa3890},
    archivePrefix = {arXiv},
    eprint    = {astro-ph/2009.02284}}
    
@article{J.E.Gunn_J.R.Gott_1972,
    title     = {On the Infall of Matter Into Clusters of Galaxies and Some Effects on Their Evolution},
    author    = {Gunn, J. E. and Gott, J. R. III},
    journal   = {\apj},
    volume    = {176},
    number    = {},
    pages     = {1},
    year      = {1972},
    month     = {8},
    doi       = {10.1086/151605}}

@article{L.Gunnarsen_etal_1995,
    title     = {A 3+1 method of finding principal null directions},
    author    = {Gunnarsen, L. and Hisa-Aki, S. and Kei-Ichi, M.},
    journal   = {\cqg},
    volume    = {12},
    number    = {1},
    pages     = {133-140},
    year      = {1995},
    month     = {},
    doi       = {10.1088/0264-9381/12/1/011}}
    
%%%%%%%%%%%%%%%%%%%%%%%%%%%%%%%%%%%%%%%%%%%%%%%%%%%%%%%%%%%%%%%%%%%%%%%%%%%%%%%%%%%%%
%H
    
@article{A.Harvey_D.Tsoubelis_1977,
    title     = {Exact Bianchi IV cosmological model},
    author    = {Harvey, A. and Tsoubelis, D.},
    journal   = {\prd},
    volume    = {15},
    number    = {10},
    pages     = {2734-2737},
    year      = {1977},
    month     = {5},
    doi       = {10.1103/PhysRevD.15.2734}}
    
@article{A.Harvey_etal_1979,
    title     = {Bianchi IV metric with electromagnetic field},
    author    = {Harvey, A. and Tsoubelis, D. and Wilsker, B.},
    journal   = {\prd},
    volume    = {20},
    number    = {8},
    pages     = {2077-2078},
    year      = {1979},
    month     = {10},
    doi       = {10.1103/PhysRevD.20.2077}}
    
@article{A.Harvey_1990,
    title     = {On the algebraic invariants of the four-dimensional Riemann tensor},
    author    = {Harvey, A.},
    journal   = {\cqg},
    volume    = {7},
    number    = {4},
    pages     = {715-716},
    year      = {1990},
    month     = {4},
    doi       = {10.1088/0264-9381/7/4/022}}

@article{I.Hawke_J.M.Stewart_2002,
    title     = {The dynamics of primordial black-hole formation},
    author    = {Hawke, I. and Stewart, J. M.},
    journal   = {Classical and Quantum Gravity},
    volume    = {19},
    number    = {14},
    pages     = {3687},
    month     = {6},
    year      = {2002},
    doi       = {10.1088/0264-9381/19/14/310}}

@article{S.W.Hawking_1966,
    title     = {Perturbations of an Expanding Universe},
    author    = {Hawking, S. W.},
    journal   = {\apj},
    volume    = {145},
    number    = {},
    pages     = {544},
    year      = {1966},
    month     = {8},
    doi       = {10.1086/148793}}
    
@article{A.Heinesen_H.J.Macpherson_2022,
    title     = {A prediction for anisotropies in the nearby Hubble flow}, 
    author    = {Heinesen, A. and Macpherson, H. J.},
    journal   = {\jcap},
    volume    = {2022},
    number    = {3},
    pages     = {57},
    year      = {2022},
    month     = {3},
    doi       = {10.1088/1475-7516/2022/03/057},
    archivePrefix = {arXiv},
    eprint    = {astro-ph/2111.14423}}

@article{D.Hilbert_1915,
    title     = {Die Grundlagen der Physik},
    author    = {Hilbert, D.},
    journal   = {Nachrichten von der Gesellschaft der Wissenschaften zu G{\"o}ttingen – Mathematisch-Physikalische Klasse},
    volume    = {3},
    number    = {},
    pages     = {395-407},
    month     = {},
    year      = {1915},
    doi       = {10.1007/978-1-4020-4000-9_43}}

@article{D.Hilditch_etal_2016,
    title     = {Pseudospectral method for gravitational wave collapse},
    author    = {Hilditch, D. and Weyhausen, A. and Br\"ugmann, B.},
    journal   = {\prd},
    volume    = {93},
    number    = {6},
    pages     = {063006},
    month     = {3},
    year      = {2016},
    doi       = {10.1103/PhysRevD.93.063006},
    archivePrefix = {arXiv},
    eprint    = {gr-qc/1504.04732}}
    
@article{P.A.Hogan_G.F.R.Ellis_1997,
    title     = {Propagation of information by electromagnetic and gravitational waves in cosmology},
    author    = {Hogan, P. A. and Ellis, G.F.R.},
    journal   = {\cqg},
    volume    = {14},
    number    = {1A},
    pages     = {A171-A188},
    year      = {1997},
    month     = {1},
    doi       = {10.1088/0264-9381/14/1A/015}}

@article{E.Hubble_1929,
    title     = {A relation between distance and radial velocity among extra-galactic nebulae},
    author    = {Hubble, E.},
    journal   = {Proceedings of the National Academy of Sciences of the United States of America},
    volume    = {15},
    number    = {3},
    pages     = {168-173},
    month     = {4},
    year      = {1929},
    doi       = {10.1073/pnas.15.3.168}}
    
@article{L.Hui_E.Bertschinger_1995,
    title     = {Local approximations to the gravitational collapse of cold matter},
    author    = {Hui, L. and Bertschinger, E.},
    journal   = {\apj},
    volume    = {471},
    number    = {1},
    pages     = {1},
    year      = {1996},
    month     = {11},
    doi       = {10.1086/177948},
    archivePrefix = {arXiv},
    eprint    = {astro-ph/9508114}}
    
@article{S.Husa_etal_2006,
    title     = {Kranc: a Mathematica package to generate numerical codes for tensorial evolution equations},
    author    = {Husa, S. and Hinder, I. and Lechner, C.},
    journal   = {Computer Physics Communications},
    volume    = {174},
    number    = {12},
    pages     = {983-1004},
    year      = {2006},
    month     = {6},
    doi       = {10.1016/j.cpc.2006.02.002}}
    
%%%%%%%%%%%%%%%%%%%%%%%%%%%%%%%%%%%%%%%%%%%%%%%%%%%%%%%%%%%%%%%%%%%%%%%%%%%%%%%%%%%%%
%I

@article{A.Ijjas_2022,
    title     = {Numerical Relativity as a New Tool for Fundamental Cosmology},
    author    = {Ijjas, A.},
    journal   = {Physics},
    publisher = {Multidisciplinary Digital Publishing Institute Physics},
    volume    = {4},
    number    = {1},
    pages     = {301-314},
    year      = {2022},
    month     = {3},
    doi       = {10.3390/physics4010021},
    archivePrefix = {arXiv},
    eprint    = {gr-qc/2201.03752}}

@article{B.Imbiriba_etal_2004,
    title     = {Evolving a puncture black hole with fixed mesh refinement},
    author    = {Imbiriba, B. and Baker, J. and Choi, D.-I. and Centrella, J. and Fiske, D. R. and Brown, J. D. and van Meter, J. R. and Olson, K.},
    journal   = {\prd},
    volume    = {70},
    number    = {},
    pages     = {124025},
    month     = {},
    year      = {2004},
    doi       = {10.1103/PhysRevD.70.124025},
    archivePrefix = {arXiv},
    eprint    = {gr-qc/0403048}}
    
@article{H.Y.Ip_F.Schmidt_2016,
    title     = {Large-Scale Tides in General Relativity},
    author    = {Ip, H. Y. and Schmidt, F.},
    journal   = {\jcap},
    volume    = {2017},
    number    = {02},
    pages     = {025},
    year      = {2017},
    month     = {2},
    doi       = {10.1088/1475-7516/2017/02/025},
    archivePrefix = {arXiv},
    eprint    = {astro-ph/1610.01059}}
    
%%%%%%%%%%%%%%%%%%%%%%%%%%%%%%%%%%%%%%%%%%%%%%%%%%%%%%%%%%%%%%%%%%%%%%%%%%%%%%%%%%%%%
%J

@article{B.Jain_E.Bertschinger_1996,
    title     = {Selfsimilar evolution of cosmological density fluctuations},
    author    = {Jain, B. and Bertschinger, E.},
    journal   = {Astrophysical Journal},
    volume    = {456},
    number    = {},
    pages     = {43},
    year      = {1996},
    month     = {1},
    doi       = {10.1086/176625},
    archivePrefix = {arXiv},
    eprint    = {astro-ph/9503025}}

@article{G.Jelic-Cizmek_etal_2018,
    title     = {The generation of vorticity in cosmological N-body simulations},
    author    = {Jelic-Cizmek, G. and Lepori, F. and Adamek, J. and Durrer, R.},
    journal   = {\jcap},
    volume    = {09},
    pages     = {006},
    year      = {2018},
    month     = {9},
    doi       = {10.1088/1475-7516/2018/09/006},
    archivePrefix = {arXiv},
    eprint    = {astro-ph/1806.05146}}
    
@misc{P.Jordan_etal_1964,
    title     = {Contributions to actual problems of General Relativity}, 
    author    = {Jordan, P. and Beiglb{\"o}ck, W. and Bichteler, K. and Budich, W. and Kundt, W. and Tr{\"u}mper, M.},
    howpublished = {Airforce Report, University of Hamburg},
    year      = {1964},
    month     = {1},
    note      = {\href{https://apps.dtic.mil/sti/pdfs/AD0455081.pdf}{LINK}}}
    
%%%%%%%%%%%%%%%%%%%%%%%%%%%%%%%%%%%%%%%%%%%%%%%%%%%%%%%%%%%%%%%%%%%%%%%%%%%%%%%%%%%%%
%K
    
@article{A.Karlhede_1980,
    title     = {A review of the geometrical equivalence of metrics in general relativity},
    author    = {Karlhede, A.},
    journal   = {\grg},
    volume    = {12},
    number    = {9},
    pages     = {693-707},
    year      = {1980},
    month     = {9},
    doi       = {10.1007/BF00771861}}

@article{R.P.Kerr_1963,
    title     = {Gravitational Field of a Spinning Mass as an Example of Algebraically Special Metrics},
    author    = {Kerr, R. P.},
    journal   = {\prl},
    volume    = {11},
    number    = {5},
    pages     = {237-238},
    month     = {9},
    year      = {1963},
    doi       = {10.1103/PhysRevLett.11.237}}

@article{L.E.Kidder_etal_2000,
    title     = {Black hole evolution by spectral methods},
    author    = {Kidder, L. E. and Scheel, M. A. and Teukolsky, S. A. and Carlson, E. D. and Cook, G. B.},
    journal   = {\prd},
    volume    = {62},
    number    = {},
    pages     = {084032},
    month     = {},
    year      = {2000},
    doi       = {10.1103/PhysRevD.62.084032},
    archivePrefix = {arXiv},
    eprint    = {gr-qc/0005056}}

@article{W.Killing_1892,
    title     = {Ueber die Grundlagen der Geometrie},
    author    = {Killing, W.},
    journal   = {Journal f{\"u}r die reine und angewandte Mathematik},
    volume    = {109},
    pages     = {121-186},
    year      = {1892},
    note      = {\href{http://www.digizeitschriften.de/dms/resolveppn/?PID=GDZPPN002161974}{LINK}}}
    
@article{A.R.King_G.F.R.Ellis_1973,
    title     = {Tilted homogeneous cosmological models},
    author    = {King, A. R. and Ellis, G. F. R.},
    journal   = {\cmp},
    volume    = {31},
    number    = {3},
    pages     = {209-242},
    month     = {9},
    year      = {1973},
    doi       = {10.1007/BF01646266}}
    
@article{W.Kinnersley_1969,
    title     = {Type D Vacuum Metrics},
    author    = {Kinnersley, W.},
    journal   = {\jmp},
    volume    = {10},
    number    = {},
    pages     = {1195-1203},
    year      = {1969},
    month     = {5},
    doi       = {10.1063/1.1664958}}
    
@article{H.Kodama_M.Sasaki_1984,
    title     = {Cosmological Perturbation Theory},
    author    = {Kodama, H. and Sasaki, M.},
    journal   = {\ptep},
    volume    = {78},
    number    = {},
    pages     = {1-166},
    year      = {1984},
    month     = {1},
    doi       = {10.1143/PTPS.78.1}}

@article{L.Kofman_D.Pogosian_1995,
    title     = {Equations of gravitational instability are nonlocal},
    author    = {Kofman, L. and Pogosian, D.},
    journal   = {Astrophysical Journal},
    volume    = {442},
    number    = {},
    pages     = {30-38},
    year      = {1995},
    month     = {3},
    doi       = {10.1086/175419},
    archivePrefix = {arXiv},
    eprint    = {astro-ph/9403029}}

@article{K.D.Kokkotas_B.G.Schmidt_1999,
    title     = {Quasinormal modes of stars and black holes},
    author    = {Kokkotas, K. D. and Schmidt, B. G.},
    journal   = {\lrr},
    volume    = {2},
    number    = {1},
    pages     = {2},
    month     = {9},
    year      = {1999},
    doi       = {10.12942/lrr-1999-2},
    archivePrefix = {arXiv},
    eprint    = {gr-qc/9909058}}
    
@article{M.Korzynski_etal_2015,
    title     = {On the vacuum Einstein equations along curves with a discrete local rotation and reflection symmetry},
    author    = {Korzy{\'n}ski, M. and Hinder, I. and Bentivegna, E.},
    journal   = {\jcap},
    volume    = {2015},
    number    = {8},
    pages     = {25-25},
    year      = {2015},
    month     = {8},
    doi       = {10.1088/1475-7516/2015/08/025},
    archivePrefix = {arXiv},
    eprint    = {gr-qc/1505.05760}}
    
@article{X-X.Kou_etal_2022,
    title     = {Gravitational waves from fully general relativistic oscillon preheating},
    author    = {Kou, X-X. and Mertens, J. B. and Tian, C. and Zhou, S-Y.},
    journal   = {\prd},
    volume    = {105},
    number    = {12},
    pages     = {123505},
    month     = {6},
    year      = {2022},
    doi       = {10.1103/PhysRevD.105.123505},
    archivePrefix = {arXiv},
    eprint    = {gr-qc/2112.07626}}
    
@article{H.Kurki-Suonio_etal_1987,
    title     = {Inflation From Inhomogeneous Initial Data in a One-dimensional Back Reacting Cosmology},
    author    = {Kurki-Suonio, H. and Centrella, J. and Matzner, R. A. and Wilson, J. R.},
    journal   = {\prd},
    volume    = {35},
    pages     = {435-448},
    year      = {1987},
    month     = {1},
    doi       = {10.1103/PhysRevD.35.435}}
    
%%%%%%%%%%%%%%%%%%%%%%%%%%%%%%%%%%%%%%%%%%%%%%%%%%%%%%%%%%%%%%%%%%%%%%%%%%%%%%%%%%%%%
%L

@article{D.Langlois_F.Vernizzi_2010,
    title     = {A geometrical approach to nonlinear perturbations in relativistic cosmology},
    author    = {D. Langlois and F. Vernizzi},
    journal   = {\cqg},
    volume    = {27},
    number    = {12},
    pages     = {124007},
    year      = {2010},
    month     = {5},
    doi       = {10.1088/0264-9381/27/12/124007},
    archivePrefix = {arXiv},
    eprint    = {astro-ph/1003.3270}}

@article{G.Lemaitre_1931,
    title     = {Expansion of the universe, A homogeneous universe of constant mass and increasing radius accounting for the radial velocity of extra-galactic nebulae},
    author    = {Lema{\^i}tre, G.},
    journal   = {\mnras},
    volume    = {91},
    number    = {5},
    pages     = {483-490},
    month     = {3},
    year      = {1931},
    doi       = {10.1093/mnras/91.5.483}}
    
@article{G.Lemaitre_1933,
    title     = {L'Univers en expansion},
    author    = {Lema{\^i}tre, G.},
    journal   = {Annales de la Soci{\'e}t{\'e} Scientifique de Bruxelles},
    volume    = {A},
    number    = {LIII},
    pages     = {51-85},
    month     = {},
    year      = {1933},
    doi       = {}}
    
@article{M.Lenzi_C.F.Sopuerta_2021,
    title     = {Master functions and equations for perturbations of vacuum spherically symmetric spacetimes},
    author    = {Lenzi, M. and Sopuerta, C. F.},
    journal   = {\prd},
    volume    = {104},
    number    = {8},
    pages     = {084053},
    month     = {10},
    year      = {2021},
    doi       = {10.1103/PhysRevD.104.084053},
    archivePrefix = {arXiv},
    eprint    = {gr-qc/2108.08668}}

@article{F.Lepori_etal_2020,
    title     = {Weak-lensing observables in relativistic N-body simulations},
    author    = {Lepori, F. and Adamek, J. and Durrer, R. and Clarkson, C. and Coates, L.},
    journal   = {Monthly Notices of the Royal Astronomical Society},
    volume    = {497},
    number    = {2},
    pages     = {2078-2095},
    month     = {07},
    year      = {2020},
    doi       = {10.1093/mnras/staa2024},
    archivePrefix = {arXiv},
    eprint    = {astro-ph/2002.04024}}

@article{F.Lepori_etal_2023,
    title     = {The halo bias for number counts on the light cone from relativistic N-body simulations},
    author    = {Lepori, F. and Schulz, S. and Adamek, J. and Durrer, R.},
    journal   = {\jcap},
    volume    = {2},
    number    = {},
    pages     = {36},
    month     = {9},
    year      = {2023},
    doi       = {10.1088/1475-7516/2023/02/036},
    archivePrefix = {arXiv},
    eprint    = {astro-ph/2209.10533}}
    
@article{A.Lewis_A.Challinor_2006,
    title     = {Weak gravitational lensing of the {CMB}},
    author    = {Lewis, A. and Challinor, A.},
    journal   = {\pr},
    volume    = {429},
    number    = {1},
    pages     = {1-65},
    month     = {6},
    year      = {2006},
    doi       = {10.1016/j.physrep.2006.03.002},
    archivePrefix = {arXiv},
    eprint    = {astro-ph/0601594}}

@article{LIGO_Virgo_2016,
    title     = {Observation of Gravitational Waves from a Binary Black Hole Merger},
    author    = {{LIGO Scientific Collaboration and Virgo Collaboration}},
    journal   = {\prl},
    volume    = {116},
    number    = {6},
    pages     = {061102},
    numpages  = {16},
    month     = {2},
    year      = {2016},
    doi       = {10.1103/physrevlett.116.061102},
    archivePrefix = {arXiv},
    eprint    = {gr-qc/1602.03837}}

@article{E.V.Linder_R.N.Cahn_2007,
    title     = {Parameterized beyond-Einstein growth},
    author    = {Linder, E. V. and Cahn, R. N.},
    journal   = {Astroparticle Physics},
    volume    = {28},
    number    = {4},
    pages     = {481-488},
    month     = {12},
    year      = {2007},
    doi       = {10.1016/j.astropartphys.2007.09.003},
    archivePrefix = {arXiv},
    eprint    = {astro-ph/0701317}}
    
@article{F.Loffler_etal_2012,
    title     = {The Einstein Toolkit: a community computational infrastructure for relativistic astrophysics},
    author    = {L\"{o}ffler, F. and Faber, J. and Bentivegna, E. and Bode, T. and Diener, P. and Haas, R. and Hinder, I. and Mundim, B. C. and Ott, C. D. and Schnetter, E. and Allen, G. and Campanelli, M. and Laguna, P.},
    journal   = {\cqg},
    volume    = {29},
    number    = {11},
    pages     = {115001},
    month     = {5},
    year      = {2012},
    archivePrefix = {arXiv},
    eprint    = {gr-qc/1111.3344}}
    
@article{N.Loutrel_etal_2021,
    title     = {Second Order Perturbations of Kerr Black Holes: Reconstruction of the Metric},
    author    = {Loutrel, N. and Ripley, J. L. and Giorgi, E. and Pretorius, F.},
    journal   = {\prd},
    volume    = {103},
    number    = {10},
    pages     = {104017},
    month     = {5},
    year      = {2021},
    doi       = {10.1103/PhysRevD.103.104017},
    archivePrefix = {arXiv},
    eprint    = {gr-qc/2008.11770}}

@article{T.H.Lu_etal_2009,
    title     = {The cosmological background of vector modes},
    author    = {Lu, T. H. and Ananda, K. and Clarkson, C. and Maartens, R.},
    journal   = {\jcap},
    volume    = {2009},
    number    = {2},
    pages     = {23},
    month     = {2},
    year      = {2009},
    doi       = {10.1088/1475-7516/2009/02/023},
    archivePrefix = {arXiv},
    eprint    = {astro-ph/0812.1349}}
    
@misc{L.Lucie-Smith_etal_2021,
    title     = {Deep learning insights into cosmological structure formation},
    author    = {Lucie-Smith, L. and Peiris, H. V. and Pontzen, A. and Nord, B. and Thiyagalingam, J.},
    doi       = {10.48550/ARXIV.2011.10577},
    archivePrefix = {arXiv},
    eprint    = {2011.10577}}
    
@article{D.Lynben-Bell_1967,
    title     = {Statistical mechanics of violent relaxation in stellar systems},
    author    = {Lynden-Bell, D.},
    journal   = {\mnras},
    volume    = {136},
    number    = {1},
    pages     = {101-121},
    year      = {1967},
    month     = {5},
    doi       = {10.1093/mnras/136.1.101}}
    
@article{D.H.Lyth_1985,
    title     = {Large-scale energy-density perturbations and inflation},
    author    = {Lyth, D. H.},
    journal   = {\prd},
    volume    = {31},
    number    = {8},
    pages     = {1792-1798},
    year      = {1985},
    month     = {4},
    doi       = {10.1103/PhysRevD.31.1792}}

@article{D.H.Lyth_etal_2005,
    title     = {A General proof of the conservation of the curvature perturbation},
    author    = {Lyth, D. H. and Malik, K. A. and Sasaki, M.},
    journal   = {\jcap},
    volume    = {2005},
    number    = {5},
    pages     = {004},
    month     = {5},
    year      = {2005},
    doi       = {10.1088/1475-7516/2005/05/004},
    archivePrefix = {arXiv},
    eprint    = {astro-ph/0411220}}
    
%%%%%%%%%%%%%%%%%%%%%%%%%%%%%%%%%%%%%%%%%%%%%%%%%%%%%%%%%%%%%%%%%%%%%%%%%%%%%%%%%%%%%
%M

@article{C.Ma_E.Bertschinger_1995,
    author = {Ma, C. and Bertschinger, E.},
    title     = {Cosmological Perturbation Theory in the Synchronous and Conformal Newtonian Gauges},
    journal   = {\apj},
    volume    = {455},
    pages     = {7},
    month     = {12},
    year      = {1995},
    doi       = {10.1086/176550},
    archivePrefix = {arXiv},
    eprint    = {astro-ph/9506072}}

@article{R.Maartens_etal_1997,
    title     = {Local freedom in the gravitational field},
    author    = {Maartens, R. and Ellis, G. F. R. and Siklos, S. T. C.},
    journal   = {\cqg},
    volume    = {14},
    number    = {7},
    pages     = {1927-1936},
    year      = {1997},
    month     = {7},
    doi       = {10.1088/0264-9381/14/7/025},
    archivePrefix = {arXiv},
    eprint    = {gr-qc/9611003}}

@article{R.Maartens_B.A.Bassett_1998,
    title     = {Gravito-electromagnetism},
    author    = {Maartens, R. and Bassett, B. A.},
    journal   = {\cqg},
    volume    = {15},
    number    = {3},
    pages     = {705-717},
    year      = {1998},
    month     = {3},
    doi       = {10.1088/0264-9381/15/3/018},
    archivePrefix = {arXiv},
    eprint    = {gr-qc/9704059}}
    
@article{R.Maartens_etal_1999,
    title     = {Covariant cosmic microwave background anisotropies. 2. Nonlinear dynamics},
    author    = {Maartens, R. and Gebbie, T. and Ellis, G. F. R.},
    journal   = {\prd},
    volume    = {59},
    number    = {8},
    pages     = {083506},
    month     = {3},
    year      = {1999},
    doi       = {10.1103/PhysRevD.59.083506},
    archivePrefix = {arXiv},
    eprint    = {astro-ph/9808163}}
    
@article{H.J.Macpherson_etal_2017,
    title     = {Inhomogeneous cosmology with numerical relativity},
    author    = {Macpherson, H. J. and Lasky, P. D. and Price, D. J.},
    journal   = {\prd},
    volume    = {95},
    number    = {6},
    pages     = {064028},
    numpages  = {13},
    year      = {2017},
    month     = {3},
    doi       = {10.1103/physrevd.95.064028},
    archivePrefix = {arXiv},
    eprint    = {astro-ph/1611.05447}}
    
@article{H.J.Macpherson_etal_2018,
    title     = {The trouble with Hubble: Local versus Global Expansion Rates in Inhomogeneous Cosmological Simulations with Numerical Relativity},
    author    = {Macpherson, H. J. and Lasky, P. D. and Price, D. J.},
    journal   = {\apj},
    volume    = {865},
    number    = {1},
    pages     = {L4},
    year      = {2018},
    month     = {9},
    doi       = {10.3847/2041-8213/aadf8c},
    archivePrefix = {arXiv},
    eprint    = {astro-ph/1807.01714}}
    
@article{H.J.Macpherson_etal_2019,
    title     = {Einstein's Universe: Cosmological structure formation in numerical relativity},
    author    = {Macpherson, H. J. and Price, D. J. and Lasky, P. D.},
    journal   = {\prd},
    volume    = {99},
    number    = {6},
    pages     = {063522},
    numpages  = {18},
    year      = {2019},
    month     = {3},
    doi       = {10.1103/PhysRevD.99.063522},
    archivePrefix = {arXiv},
    eprint    = {astro-ph/1807.01711}}
    
@article{H.J.Macpherson_A.Heinesen_2021,
    title     = {Luminosity distance and anisotropic sky-sampling at low redshifts: a numerical relativity study},
    author    = {Macpherson, H. J. and Heinesen, A.},
    journal   = {\prd},
    volume    = {104},
    number    = {2},
    pages     = {023525},
    numpages  = {23},
    year      = {2021},
    month     = {7},
    doi       = {10.1103/PhysRevD.104.023525},
    archivePrefix = {arXiv},
    eprint    = {astro-ph/2103.11918}}
    
@article{H.J.Macpherson_2023,
    title     = {Cosmological distances with general-relativistic ray tracing: framework and comparison to cosmographic predictions},
    author    = {Macpherson, H. J.},
    journal   = {\jcap},
    volume    = {3},
    pages     = {19},
    month     = {3},
    year      = {2023},
    doi       = {10.1088/1475-7516/2023/03/019},
    archivePrefix = {arXiv},
    eprint    = {astro-ph/2209.06775}}

@article{S.J.Magnall_etal_2023,
    title     = {Inhomogeneous Cosmology using General Relativistic Smoothed Particle Hydrodynamics coupled to Numerical Relativity},
    author    = {Magnall, S. J. and Price, D. J. and Lasky, P. D. and Macpherson, H. J.},
    month     = {7},
    year      = {2023},
    archivePrefix = {arXiv},
    eprint    = {gr-qc/2307.15194}}
    
@article{J.Maldacena_2003,
    title     = {Non-gaussian features of primordial fluctuations in single field inflationary models},
    author    = {Maldacena, J.},
    journal   = {Journal of High Energy Physics},
    volume    = {2003},
    number    = {05},
    pages     = {013--013},
    year      = {2003},
    month     = {5},
    doi       = {10.1088/1126-6708/2003/05/013},
    archivePrefix = {arXiv},
    eprint    = {astro-ph/0210603}}

@article{K.A.Malik_D.Wands_2008,
    title     = {Cosmological perturbations},
    author    = {Malik, K. A. and Wands, D.},
    journal   = {\pr},
    volume    = {475},
    number    = {1},
    pages     = {1-51},
    month     = {5},
    year      = {2009},
    doi       = {10.1016/j.physrep.2009.03.001},
    archivePrefix = {arXiv},
    eprint    = {astro-ph/0809.4944}}

@article{K.A.Malik_D.R.Matravers_2008,
    title     = {A Concise Introduction to Perturbation Theory in Cosmology},
    author    = {Malik, K. A. and Matravers, D. R.},
    journal   = {\cqg},
    volume    = {25},
    number    = {19},
    pages     = {193001},
    month     = {9},
    year      = {2008},
    doi       = {10.1088/0264-9381/25/19/193001},
    archivePrefix = {arXiv},
    eprint    = {astro-ph/0804.3276}}

@article{V.Marra_etal_2007,
    title     = {On cosmological observables in a swiss-cheese universe},
    author    = {Marra, V. and Kolb, E.W. and Matarrese, S. and Riotto, A.},
    journal   = {\prd},
    volume    = {76},
    number    = {12},
    pages     = {123004},
    month     = {12},
    year      = {2007},
    doi       = {10.1103/PhysRevD.76.123004},
    archivePrefix = {arXiv},
    eprint    = {astro-ph/0708.3622}}

@article{J.M.Marti_etal_1991,
    title     = {Numerical relativistic hydrodynamics: Local characteristic approach},
    author    = {Marti, J. M. and Ibanez, J. M. and Miralles, J. A.},
    journal   = {\prd},
    volume    = {43},
    number    = {12},
    pages     = {3794-3801},
    numpages  = {0},
    month     = {6},
    year      = {1991},
    doi       = {10.1103/PhysRevD.43.3794}}

@article{S.Matarrese_etal_1993,
    title     = {General-relativistic approach to the nonlinear evolution of collisionless matter},
    author    = {Matarrese, S. and Pantano, O. and Saez, D.},
    journal   = {\prd},
    volume    = {47},
    number    = {4},
    pages     = {1311-1323},
    numpages  = {0},
    year      = {1993},
    month     = {2},
    doi       = {10.1103/PhysRevD.47.1311}}
    
@article{S.Matarrese_etal_1994_Jan,
    title     = {General relativistic dynamics of irrotational dust: Cosmological implications},
    author    = {Matarrese, S. and Pantano, O. and Saez, D.},
    journal   = {\prl},
    volume    = {72},
    number    = {3},
    pages     = {320-323},
    year      = {1994},
    month     = {1},
    doi       = {10.1103/PhysRevLett.72.320},
    archivePrefix = {arXiv},
    eprint    = {astro-ph/9310036}}
    
@article{S.Matarrese_etal_1994_Mar,
    title     = {A Relativistic approach to gravitational instability in the expanding Universe: Second order Lagrangian solutions},
    author    = {Matarrese, S. and Pantano, O. and Saez, D.},
    journal   = {\mnras},
    volume    = {271},
    number    = {3},
    pages     = {513-522},
    year      = {1994},
    month     = {12},
    doi       = {10.1093/mnras/271.3.513},
    archivePrefix = {arXiv},
    eprint    = {astro-ph/9403032}}
    
@article{S.Matarrese_etal_1998,
    title     = {Second order perturbations of the Einstein-de Sitter universe},
    author    = {Matarrese, S. and Mollerach, S. and Bruni, M.},
    journal   = {\prd},
    volume    = {58},
    number    = {4},
    pages     = {043504},
    month     = {7},
    year      = {1998},
    doi       = {10.1103/PhysRevD.58.043504},
    archivePrefix = {arXiv},
    eprint    = {astro-ph/9707278}}
    
@article{A.Matte_1953, 
    title     = {Sur De Nouvelles Solutions Oscillatoires Des Equations De La Gravitation}, 
    author    = {Matte, A.}, 
    journal   = {\cjm},
    volume    = {5},
    number    = {},
    pages     = {1-16},
    year      = {1953},
    month     = {},
    doi       = {10.4153/CJM-1953-001-3}}

@article{J.C.Maxwell_1865,
    title     = {VIII. A dynamical theory of the electromagnetic field},
    author    = {Maxwell, J. C.},
    journal   = {Philosophical Transactions of the Royal Society of London},
    volume    = {155},
    number    = {},
    pages     = {459-512},
    month     = {1},
    year      = {1865},
    doi       = {10.1098/rstl.1865.0008}}

@article{C.B.G.McIntosh_etal_1995,
    title     = {Electric and magnetic Weyl tensors: classification and analysis},
    author    = {McIntosh, C. B. G. and Arianrhod, R. and Wade, S. T. and Hoenselaers, C.},
    journal   = {\cqg},
    volume    = {11},
    number    = {6},
    pages     = {1555-1564},
    year      = {1995},
    month     = {6},
    doi       = {10.1088/0264-9381/11/6/019/meta}}

@article{C.McIsaac_etal_2020,
    title     = {Search for strongly lensed counterpart images of binary black hole mergers in the first two LIGO observing runs},
    author    = {McIsaac, C. and Keitel, D. and Collett, T. and Harry, I. and Mozzon, S. and Edy, O. and Bacon, D.},
    journal   = {\prd},
    volume    = {102},
    number    = {8},
    pages     = {084031},
    month     = {},
    year      = {2020},
    doi       = {10.1103/PhysRevD.102.084031},
    archivePrefix = {arXiv},
    eprint    = {gr-qc/1912.05389}}

@article{C.Meringolo_S.Servidio_2021,
    title     = {Aliasing instabilities in the numerical evolution of the Einstein field equations},
    author    = {Meringolo, C. and Servidio, S.},
    journal   = {Gen. Rel. Grav.},
    volume    = {53},
    number    = {10},
    pages     = {95},
    month     = {},
    year      = {2021},
    doi       = {10.1007/s10714-021-02865-5},
    archivePrefix = {arXiv},
    eprint    = {gr-qc/2108.00786}}
    
@article{J.B.Mertens_etal_2016,
    title     = {Integration of inhomogeneous cosmological spacetimes in the BSSN formalism},
    author    = {Mertens, J. B. and Giblin, J. T. and Starkman, G. D.},
    journal   = {\prd},
    volume    = {93},
    number    = {12},
    pages     = {124059},
    numpages  = {11},
    year      = {2016},
    month     = {6},
    doi       = {10.1103/physrevd.93.124059},
    archivePrefix = {arXiv},
    eprint    = {gr-qc/1511.01106}}
    
@article{N.Meures_M.Bruni_2011_Jan,
    title     = {Redshift and distances in a {\textbackslash{}Lambda}CDM cosmology with non-linear inhomogeneities},
    author    = {Meures, N. and Bruni, M.},
    journal   = {\mnras},
    volume    = {419},
    pages     = {1937},
    year      = {2012},
    month     = {1},
    doi       = {10.1111/j.1365-2966.2011.19850.x},
    archivePrefix = {arXiv},
    eprint    = {astro-ph/1107.4433}}
    
@article{N.Meures_M.Bruni_2011_Jun,
    title     = {Exact nonlinear inhomogeneities in $\Lambda$CDM cosmology},
    author    = {Meures, N. and Bruni, M.},
    journal   = {\prd},
    volume    = {83},
    number    = {12},
    pages     = {123519},
    numpages  = {20},
    year      = {2011},
    month     = {6},
    doi       = {10.1103/PhysRevD.83.123519},
    archivePrefix = {arXiv},
    eprint    = {astro-ph/1103.0501}}
    
@article{I.Milillo_etal_2015,
    title     = {Missing link: A nonlinear post-Friedmann framework for small and large scales},
    author    = {Milillo, I. and Bertacca, D. and Bruni, M. and Maselli, A.},
    journal   = {\prd},
    volume    = {92},
    number    = {2},
    pages     = {023519},
    month     = {},
    year      = {2015},
    doi       = {10.1103/PhysRevD.92.023519},
    archivePrefix = {arXiv},
    eprint    = {gr-qc/1502.02985}}
    
@article{K.Mitman_etal_2023,
    title     = {Nonlinearities in black hole ringdowns},
    author    = {Mitman, K. and Lagos, M. and Stein, L. C. and Ma, S. and Hui, L. and Chen, Y. and Deppe, N. and Hébert, F. and Kidder, L. E. and Moxon, J. and Scheel, M. A. and Teukolsky, S. A. and Throwe, W. and Vu, N. L.},
    journal   = {\prl},
    volume    = {130},
    number    = {8},
    pages     = {081402},
    month     = {2},
    year      = {2023},
    doi       = {10.1103/PhysRevLett.130.081402},
    archivePrefix = {arXiv},
    eprint    = {gr-qc/2208.07380}}
    
@article{S.Mollerach_S.Matarrese_1997,
    title     = {Cosmic microwave background anisotropies from second order gravitational perturbations},
    author    = {Mollerach, S. and Matarrese, S.},
    journal   = {\prd},
    volume    = {56},
    number    = {8},
    pages     = {4494-4502},
    month     = {10},
    year      = {1997},
    doi       = {10.1103/PhysRevD.56.4494},
    archivePrefix = {arXiv},
    eprint    = {astro-ph/9702234}}

@article{E.Mortsell_S.Dhawan_2018,
    title     = {Does the Hubble constant tension call for new physics?},
    author    = {M{\"o}rtsell, E. and Dhawan, S.},
    journal   = {\jcap},
    volume    = {2018},
    number    = {9},
    pages     = {25},
    month     = {9},
    year      = {2018},
    doi       = {10.1088/1475-7516/2018/09/025},
    archivePrefix = {arXiv},
    eprint    = {astro-ph/1801.07260}}
    
@article{P.Mosta_etal_2013_GRHydro,
    title     = {GRHydro: a new open-source general-relativistic magnetohydrodynamics code for the Einstein toolkit},
    author    = {M{\"o}sta, P. and Mundim, B. C. and Faber, J. A. and Haas, R. and Noble, S. C. and Bode, T. and L{\"o}ffler, F. and Ott, C. D. and Reisswig, C. and Schnetter, E.},
    journal   = {\cqg},
    volume    = {31},
    number    = {1},
    pages     = {015005},
    year      = {2013},
    month     = {11},
    doi       = {10.1088/0264-9381/31/1/015005},
    archivePrefix = {arXiv},
    eprint    = {gr-qc/1304.5544}}

@article{F.V.Mukhanov_etal_1992,
    title     = {Theory of cosmological perturbations},
    author    = {Mukhanov, V. F. and Feldman, H. A. and Brandenberger, R. H.},
    journal   = {\pr},
    volume    = {215},
    number    = {5},
    pages     = {203-333},
    year      = {1992},
    month     = {},
    doi       = {10.1016/0370-1573(92)90044-Z}}
    
@article{V.F.Mukhanov_etal_1997,
    title     = {Backreaction Problem for Cosmological Perturbations},
    author    = {Mukhanov, V. F. and Abramo, L. R. W. and Brandenberger, R. H.},
    journal   = {\prl},
    volume    = {78},
    issue     = {9},
    pages     = {1624-1627},
    numpages  = {0},
    year      = {1997},
    month     = {3},
    doi       = {10.1103/PhysRevLett.78.1624},
    archivePrefix = {arXiv},
    eprint    = {gr-qc/9609026v1}}
    
@article{R.L.Munoz_M.Bruni_2022,
    title     = {EBWeyl: a Code to Invariantly Characterize Numerical Spacetimes},
    author    = {Munoz, R. L. and Bruni, M.},
    journal   = {\cqg},
    volume    = {40},
    number    = {13},
    pages     = {135010},
    year      = {2023},
    month     = {6},
    doi       = {10.1088/1361-6382/acd6cf},
    archivePrefix = {arXiv},
    eprint    = {gr-qc/2211.08133}}

@article{R.L.Munoz_M.Bruni_2023,
    title     = {Structure formation and quasispherical collapse from initial curvature perturbations with numerical relativity simulations},
    author    = {Munoz, R. L. and Bruni, M.},
    journal   = {\prd},
    volume    = {107},
    number    = {12},
    pages     = {123536},
    numpages  = {26},
    year      = {2023},
    month     = {6},
    doi       = {10.1103/PhysRevD.107.123536},
    archivePrefix = {arXiv},
    eprint    = {astro-ph/2302.09033}}
    
@article{I.Musco_etal_2005,
    title     = {Computations of primordial black hole formation},
    author    = {Musco, I. and Miller, J.~C. and Rezzolla, L.},
    journal   = {\cqg},
    volume    = {22},
    number    = {7},
    pages     = {1405-1424},
    month     = {3},
    year      = {2005},
    doi       = {10.1088/0264-9381/22/7/013},
    archivePrefix = {arXiv},
    eprint    = {gr-qc/0412063}}
    
@article{I.Musco_etal_2009,
    title     = {Primordial black hole formation in the radiative era: Investigation of the critical nature of the collapse},
    author    = {Musco, I. and Miller, J. C. and Polnarev, A. G.},
    journal   = {\cqg},
    volume    = {26},
    number    = {23},
    pages     = {235001},
    numpages  = {},
    year      = {2009},
    month     = {10},
    doi       = {10.1088/0264-9381/26/23/235001},
    archivePrefix = {arXiv},
    eprint    = {gr-qc/0811.1452}}
    
@article{I.Musco_2019,
    author    = {{Musco}, I.},
    title     = {Threshold for primordial black holes: Dependence on the shape of the cosmological perturbations},
    journal   = {\prd},
    volume    = {100},
    number    = {12},
    pages     = {123524},
    month     = {12},
    year      = {2019},
    doi       = {10.1103/PhysRevD.100.123524},
    archivePrefix = {arXiv},
    eprint    = {gr-qc/1809.02127}}

@article{I.Musco_T.Papanikolaou_2022,
    title     = {Primordial black hole formation for an anisotropic perfect fluid: Initial conditions and estimation of the threshold},
    author    = {Musco, I. and Papanikolaou, T.},
    journal   = {\prd},
    volume    = {106},
    number    = {8},
    pages     = {083017},
    month     = {},
    year      = {2022},
    doi       = {10.1103/PhysRevD.106.083017},
    archivePrefix = {arXiv},
    eprint    = {gr-qc/2110.05982}}
    
%%%%%%%%%%%%%%%%%%%%%%%%%%%%%%%%%%%%%%%%%%%%%%%%%%%%%%%%%%%%%%%%%%%%%%%%%%%%%%%%%%%%%
%N

@article{T.Nakamura_etal_1987,
    title     = {General Relativistic Collapse to Black Holes and Gravitational Waves from Black Holes},
    author    = {Nakamura, T. and Oohara, K. and Kojima, Y.},
    journal   = {\ptp Supplement},
    volume    = {90},
    number    = {},
    pages     = {1-218},
    year      = {1987},
    month     = {1},
    doi       = {10.1143/PTPS.90.1}}

@article{K.Nakamura_2007,
    title     = {Second-order gauge invariant cosmological perturbation theory: Einstein equations in terms of gauge invariant variables},
    author    = {Nakamura, K.},
    journal   = {\ptp},
    volume    = {117},
    number    = {1},
    pages     = {17-74},
    month     = {1},
    year      = {2007},
    doi       = {10.1143/PTP.117.17},
    archivePrefix = {arXiv},
    eprint    = {gr-qc/0605108}}
    
@article{J.F.Navarro_etal_1996,
    title     = {The Structure of Cold Dark Matter Halos},
    author    = {Navarro, J. F. and Frenk, C. S. and White, S. D. M.},
    journal   = {\apj},
    volume    = {462},
    number    = {},
    pages     = {563},
    year      = {1996},
    month     = {5},
    doi       = {10.1086/177173},
    archivePrefix = {arXiv},
    eprint    = {astro-ph/9508025}}
    
@article{A.Nerozzi_etal_2005,
    title     = {Towards wave extraction in numerical relativity: The quasi-Kinnersley frame},
    author    = {Nerozzi, A. and Beetle, C. and Bruni, M. and Burko, L. M. and Pollney, D.},
    journal   = {\prd},
    volume    = {72},
    number    = {},
    pages     = {024014},
    month     = {7},
    year      = {2005},
    doi       = {10.1103/PhysRevD.72.024014},
    archivePrefix = {arXiv},
    eprint    = {gr-qc/0407013}}
    
@article{A.Nerozzi_etal_2006,
    title     = {Towards a wave-extraction method for numerical relativity: IV. Testing the quasi-Kinnersley method in the Bondi-Sachs framework},
    author    = {Nerozzi, A. and Bruni, M. and Re, V. and Burko, L. M.},
    journal   = {\prd},
    volume    = {73},
    number    = {},
    pages     = {044020},
    month     = {2},
    year      = {2006},
    doi       = {10.1103/PhysRevD.73.044020},
    archivePrefix = {arXiv},
    eprint    = {gr-qc/0507068}}

@article{E.Newman_R.Penrose_1962,
    title     = {An Approach to Gravitational Radiation by a Method of Spin Coefficients},
    author    = {Newman, E. and Penrose, R.},
    journal   = {\jmp},
    volume    = {3},
    number    = {3},
    pages     = {566-578},
    month     = {12},
    year      = {1962},
    doi       = {10.1063/1.1724257}}

@article{D.A.Nichols_etal_2011,
    title     = {Visualizing spacetime curvature via frame-drag vortexes and tidal tendexes: General theory and weak-gravity applications},
    author    = {Nichols, D. A. and Owen, R. and Zhang, F. and Zimmerman, A. and Brink, J. and Chen, Y. and Kaplan, J. D. and Lovelace, G. and Matthews, K. D. and Scheel, M. A. and Thorne, K. S.},
    journal   = {Physical Review D},
    volume    = {84},
    number    = {12},
    pages     = {124014},
    month     = {12},
    year      = {2011},
    doi       = {10.1103/PhysRevD.84.124014},
    archivePrefix = {arXiv},
    eprint    = {gr-qc/1108.5486}}
    
@article{H.Noh_J-C.Hwang_2004,
    title     = {Second-order perturbations of the Friedmann world model},
    author    = {Noh, H. and Hwang, J-C.},
    journal   = {\prd},
    volume    = {69},
    number    = {10},
    pages     = {104011},
    month     = {5},
    year      = {2004},
    doi       = {10.1103/PhysRevD.69.104011},
    archivePrefix = {arXiv},
    eprint    = {astro-ph/0305123}}
    
%%%%%%%%%%%%%%%%%%%%%%%%%%%%%%%%%%%%%%%%%%%%%%%%%%%%%%%%%%%%%%%%%%%%%%%%%%%%%%%%%%%%%
%O
    
@article{D.W.Olson_1976,
    title     = {Density perturbations in cosmological models},
    author    = {Olson, D. W.},
    journal   = {\prd},
    volume    = {14},
    number    = {2},
    pages     = {327-331},
    month     = {7},
    year      = {1976},
    doi       = {10.1103/PhysRevD.14.327}}

@article{B.Osano_etal_2007,
    title     = {Gravitational waves generated by second order effects during inflation},
    author    = {Osano, B. and Pitrou, C. and Dunsby, P. and Uzan, J-P. and Clarkson, C.},
    journal   = {\jcap},
    volume    = {2007},
    number    = {4},
    pages     = {003},
    month     = {4},
    year      = {2007},
    doi       = {10.1088/1475-7516/2007/04/003},
    archivePrefix = {arXiv},
    eprint    = {gr-qc/0612108}}

@article{A.Ota_etal_2022,
    title     = {Covariant transverse-traceless projection for secondary gravitational waves},
    author    = {Ota, A. and Macpherson, H. J. and Coulton, W. R.},
    journal   = {\prd},
    volume    = {106},
    number    = {6},
    pages     = {063521},
    year      = {2022},
    doi       = {10.1103/PhysRevD.106.063521},
    archivePrefix = {arXiv},
    eprint    = {gr-qc/2111.09163}}

@article{R.Owen_2010,
    title     = {Degeneracy measures for the algebraic classification of numerical spacetimes},
    author    = {Owen, R.},
    journal   = {\prd},
    volume    = {81},
    number    = {12},
    pages     = {124042},
    month     = {6},
    year      = {2010},
    doi       = {10.1103/PhysRevD.81.124042},
    archivePrefix = {arXiv},
    eprint    = {gr-qc/1004.3768}}

@article{R.Owen_etal_2011,
    title     = {Frame-dragging vortexes and tidal tendexes attached to colliding black holes: Visualizing the curvature of spacetime},
    author    = {Owen, R. and Brink, J. and Chen, Y. and Kaplan, J. D. and Lovelace, G. and Matthews, K. D. and Nichols, D. A. and Scheel, M. A. and Zhang, F. and Zimmerman, A. and Thorne, K. S.},
    journal   = {\prl},
    volume    = {106},
    number    = {15},
    pages     = {151101},
    numpages  = {4},
    year      = {2011},
    month     = {4},
    doi       = {10.1103/PhysRevLett.106.151101},
    archivePrefix = {arXiv},
    eprint    = {gr-qc/1012.4869}}
    
%%%%%%%%%%%%%%%%%%%%%%%%%%%%%%%%%%%%%%%%%%%%%%%%%%%%%%%%%%%%%%%%%%%%%%%%%%%%%%%%%%%%%
%P

@article{F.Pace_etal_2019,
    title     = {Halo collapse: virialization by shear and rotation in dynamical dark-energy models. Effects on weak-lensing peaks},
    author    = {Pace, F. and Schimd, C. and Mota, D. F. and Del Popolo, A.},
    journal   = {\jcap},
    volume    = {2019},
    number    = {9},
    pages     = {60-60},
    year      = {2019},
    month     = {9},
    doi       = {10.1088/1475-7516/2019/09/060},
    archivePrefix = {arXiv},
    eprint    = {astro-ph/1811.12105}}

@article{C.Palenzuela_etal_2018,
    title     = {A Simflowny-based finite-difference code for high-performance computing in numerical relativity},
    author    = {Palenzuela, C. and Mi\~nano, B. and Vigan\`o, D. and Arbona, A. and Bona-Casas, C. and Rigo, A. and Bezares, M. and Bona, C. and Mass\'o, J.},
    journal   = {\cqg},
    volume    = {35},
    number    = {18},
    pages     = {185007},
    month     = {},
    year      = {2018},
    doi       = {10.1088/1361-6382/aad7f6},
    archivePrefix = {arXiv},
    eprint    = {1806.04182}}
    
@article{P.Pani_etal_2012,
    title     = {Perturbations of slowly rotating black holes: massive vector fields in the Kerr metric},
    author    = {Pani, P. and Cardoso, V. and Gualtieri, L. and Berti, E. and Ishibashi, A.},
    journal   = {\prd},
    volume    = {86},
    number    = {10},
    pages     = {104017},
    month     = {11},
    year      = {2012},
    doi       = {10.1103/PhysRevD.86.104017},
    archivePrefix = {arXiv},
    eprint    = {gr-qc/1209.0773}}
    
@article{P.Pani_2013,
    title     = {Advanced Methods in Black-Hole Perturbation Theory},
    author    = {Pani, P.},
    journal   = {\ijmp},
    volume    = {28},
    number    = {22n23},
    pages     = {1340018},
    month     = {9},
    year      = {2013},
    doi       = {10.1142/S0217751X13400186},
    archivePrefix = {arXiv},
    eprint    = {gr-qc/1305.6759}}
    
@article{M.J.Pareja_M.A.H.MacCallum_2006,
    title     = {Local freedom in the gravitational field revisited},
    author    = {Pareja, M. J. and MacCallum, M. A. H.},
    journal   = {\cqg},
    volume    = {23},
    number    = {15},
    pages     = {5039-5048},
    year      = {2006},
    month     = {7},
    doi       = {10.1088/0264-9381/23/15/019},
    archivePrefix = {arXiv},
    eprint    = {gr-qc/0605075}}
    
@article{A.Passamonti_etal_2005,
    title     = {Coupling of radial and non-radial oscillations of relativistic stars: Gauge-invariant formalism},
    author    = {Passamonti, A. and Bruni, M. and Gualtieri, L. and Sopuerta, C. F.},
    journal   = {\prd},
    volume    = {71},
    number    = {2},
    pages     = {024022},
    month     = {1},
    year      = {2005},
    doi       = {10.1103/PhysRevD.71.024022},
    archivePrefix = {arXiv},
    eprint    = {gr-qc/0407108}}
    
@article{A.Passamonti_etal_2006,
    title     = {Coupling of radial and axial non-radial oscillations of compact stars: Gravitational waves from first-order differential rotation},
    author    = {Passamonti, A. and Bruni, M. and Gualtieri, L. and Nagar, A. and Sopuerta, C. F.},
    journal   = {\prd},
    volume    = {73},
    number    = {8},
    pages     = {084010},
    month     = {4},
    year      = {2006},
    doi       = {10.1103/PhysRevD.73.084010},
    archivePrefix = {arXiv},
    eprint    = {gr-qc/0601001}}
    
@article{A.Passamonti_etal_2007,
    title     = {Gravitational Waves from Nonlinear Couplings of Radial and Polar Nonradial Modes in Relativistic Stars},
    author    = {Passamonti, A. and Stergioulas, N. and Nagar, A.},
    journal   = {\prd},
    volume    = {75},
    number    = {8},
    pages     = {084038},
    month     = {4},
    year      = {2007},
    doi       = {10.1103/PhysRevD.75.084038},
    archivePrefix = {arXiv},
    eprint    = {gr-qc/0702099}}
    
@article{V.Pavlidou_T.N.Tomaras_2014,
    title     = {Where the world stands still: turnaround as a strong test of $\Lambda CDM$ cosmology},
    author    = {Pavlidou, V. and Tomaras, T. N.},
    journal   = {\jcap},
    volume    = {2014},
    number    = {9},
    pages     = {20-20},
    year      = {2014},
    month     = {9},
    doi       = {10.1088/1475-7516/2014/09/020},
    archivePrefix = {arXiv},
    eprint    = {astro-ph/1310.1920}}

@article{P.J.E.Peebles_1982,
    title     = {Large-scale background temperature and mass fluctuations due to scale-invariant primeval perturbations},
    author    = {Peebles, P. J. E.},
    journal   = {\apj},
    year      = {1982},
    month     = {12},
    volume    = {263},
    pages     = {L1-L5},
    doi       = {10.1086/183911}}

@article{R.Penrose_1960,
    title     = {A spinor approach to general relativity},
    author    = {Penrose, R.},
    journal   = {\ap},
    volume    = {10},
    number    = {2},
    pages     = {171-201},
    year      = {1960},
    month     = {},
    doi       = {10.1016/0003-4916(60)90021-X}}

@article{A.A.Penzias_R.W.Wilson_1965,
    title     = {A Measurement of excess antenna temperature at 4080-Mc/s},
    author    = {Penzias, A. A. and Wilson, R. W.},
    journal   = {\apj},
    volume    = {142},
    number    = {},
    pages     = {419-421},
    month     = {7},
    year      = {1965},
    doi       = {10.1086/148307}}
    
@article{A.Z.Petrov_2000,
    title     = {The Classification of Spaces Defining Gravitational Fields},
    author    = {Petrov, A. Z.},
    journal   = {\grg},
    volume    = {32},
    number    = {8},
    pages     = {1665-1685},
    year      = {2000},
    month     = {8},
    doi       = {10.1023/A:1001910908054}}
    
@article{G.W.Pettinari_etal_2013,
    title     = {The intrinsic bispectrum of the Cosmic Microwave Background},
    author    = {Pettinari, G. W. and Fidler, C. and Crittenden, R. and Koyama, K. and Wands, D.},
    journal   = {\jcap},
    volume    = {2013},
    number    = {4},
    pages     = {003},
    month     = {4},
    year      = {2013},
    doi       = {10.1088/1475-7516/2013/04/003},
    archivePrefix = {arXiv},
    eprint    = {astro-ph/1302.0832}}
    
@article{F.A.E.Pirani_1957,
    title     = {Invariant Formulation of Gravitational Radiation Theory},
    author    = {Pirani, F. A. E.},
    journal   = {Physical Review},
    volume    = {105},
    issue     = {3},
    pages     = {1089-1099},
    year      = {1957},
    month     = {2},
    doi = {10.1103/PhysRev.105.1089}}
    
@article{C.Pitrou_etal_2015,
    title     = {Weak-lensing by the large scale structure in a spatially anisotropic universe: theory and predictions},
    author    = {Pitrou, C. and Pereira, T. S. and Uzan, J-P.},
    journal   = {\prd},
    volume    = {92},
    number    = {2},
    pages     = {023501},
    month     = {7},
    year      = {2015},
    doi       = {10.1103/PhysRevD.92.023501},
    archivePrefix = {arXiv},
    eprint    = {astro-ph/1503.01125}}
    
@article{Planck_CMB_2018,
    title     = {Planck 2018 results},
    author    = {{Planck Collaboration}},
    journal   = {Astronomy \& Astrophysics},
    volume    = {641},
    number    = {},
    pages     = {A5},
    numpages  = {92},
    year      = {2020},
    month     = {9},
    doi       = {10.1051/0004-6361/201833910},
    archivePrefix = {arXiv},
    eprint    = {astro-ph/1907.12875}}

@article{O.Porth_etal_2017,
    title     = {The black hole accretion code},
    author    = {Porth, O. and Olivares, H. and Mizuno, Y. and Younsi, Z. and Rezzolla, L. and Moscibrodzka, M. and Falcke, H. and Kramer, M.},
    journal   = {Computational Astrophysics and Cosmology},
    volume    = {4},
    number    = {1},
    pages     = {1},
    month     = {5},
    year      = {2017},
    doi       = {10.1186/s40668-017-0020-2},
    archivePrefix = {arXiv},
    eprint    = {gr-qc/1611.09720}}
    
@article{W.H.Press_P.Schechter_1974,
    title     = {Formation of Galaxies and Clusters of Galaxies by Self-Similar Gravitational Condensation},
    author    = {Press, W. H. and Schechter, P.},
    journal   = {\apj},
    volume    = {187},
    number    = {},
    pages     = {425-438},
    year      = {1974},
    month     = {2},
    doi       = {10.1086/152650}}
    
@article{S.Pueblas_R.Scoccimaro_2009,
    title     = {Generation of vorticity and velocity dispersion by orbit crossing},
    author    = {Pueblas, S. and Scoccimarro, R.},
    journal   = {\prd},
    volume    = {80},
    number    = {4},
    pages     = {043504},
    numpages  = {21},
    year      = {2009},
    month     = {8},
    doi       = {10.1103/PhysRevD.80.043504},
    archivePrefix = {arXiv},
    eprint    = {astro-ph/0809.4606}}

%%%%%%%%%%%%%%%%%%%%%%%%%%%%%%%%%%%%%%%%%%%%%%%%%%%%%%%%%%%%%%%%%%%%%%%%%%%%%%%%%%%%%
%Q

@article{E.Quintana-Miranda_etal_2023,
    title     = {GRGADGET: an N-body TreePM relativistic code for cosmological simulations},
    author    = {Quintana-Miranda, E. and Monaco, P. and Tornatore, L.},
    journal   = {\mnras: Letters},
    volume    = {522},
    number    = {4},
    pages     = {5238-5253},
    year      = {2023},
    month     = {4},
    doi       = {10.1093/mnras/stad1174},
    archivePrefix = {arXiv},
    eprint    = {astro-ph/2301.11854}}
    
%%%%%%%%%%%%%%%%%%%%%%%%%%%%%%%%%%%%%%%%%%%%%%%%%%%%%%%%%%%%%%%%%%%%%%%%%%%%%%%%%%%%%
%R

@article{G.Racz_etal_2017,
    title     = {Concordance cosmology without dark energy},
    author    = {Rácz, G. and Dobos, L. and Beck, R. and Szapudi, I. and Csabai, I.},
    journal   = {\mnras: Letters},
    volume    = {469},
    number    = {1},
    pages     = {L1-L5},
    year      = {2017},
    month     = {7},
    doi       = {10.1093/mnrasl/slx026},
    archivePrefix = {arXiv},
    eprint    = {astro-ph/1607.08797}}
    
@article{G.Racz_etal_2021,
    title     = {The anisotropy of the power spectrum in periodic cosmological simulations},
    author    = {Rácz, G. and Szapudi, I. and Csabai, I. and Dobos, L.},
    journal   = {\mnras},
    volume    = {503},
    number    = {4},
    pages     = {5638-5645},
    year      = {2021},
    month     = {6},
    doi       = {10.1093/mnras/stab874},
    archivePrefix = {arXiv},
    eprint    = {astro-ph/2006.10399}}

@article{C.Rampf_etal_2016,
    title     = {Lagrangian theory for cosmic structure formation with vorticity: Newtonian and post-Friedmann approximations},
    author    = {Rampf, C. and Villa, E. and Bertacca, D. and Bruni, M.},
    journal   = {\prd},
    volume    = {94},
    number    = {8},
    pages     = {083515},
    month     = {10},
    year      = {2016},
    doi       = {10.1103/PhysRevD.94.083515},
    archivePrefix = {arXiv},
    eprint    = {gr-qc/1607.05226}}
    
@article{Y.Rasera_etal_2022,
    title     = {The RayGalGroupSims cosmological simulation suite for the study of relativistic effects: An application to lensing-matter clustering statistics},
    author    = {Rasera, Y. and Breton, M.-A. and Corasaniti, P.-S. and Allingham, J. and Roy, F. and Reverdy, V. and Pellegrin, T. and Saga, S. and Taruya, A. and Agarwal, S. and Anselmi, S.},
    journal   = {Astronomy \& Astrophysics},
    volume    = {661},
    number    = {},
    pages     = {A90},
    year      = {2022},
    month     = {5},
    doi       = {10.1051/0004-6361/202141908},
    archivePrefix = {arXiv},
    eprint    = {astro-ph/2111.08745}}

@article{A.Raychaudhuri_1955,
    title     = {Relativistic Cosmology. I},
    author    = {Raychaudhuri, A.},
    journal   = {Physical Review},
    volume    = {98},
    number    = {4},
    pages     = {1123-1126},
    month     = {5},
    year      = {1955},
    doi       = {10.1103/PhysRev.98.1123}}

@article{D.J.Reardon_etal_2023,
    title     = {Search for an Isotropic Gravitational-wave Background with the Parkes Pulsar Timing Array},
    author    = {Reardon, D. J. and Zic, A. and Shannon, R. M. and Hobbs, G. B. and Bailes, M. and Di Marco, V. and Kapur, A. and Rogers, A. F. and Thrane, E. and Askew, J. and Bhat, N. D. R. and Cameron, A. and Curyło, M. and Coles, W. A. and Dai, S. and Goncharov, B. and Kerr, M. and Kulkarni, A. and Levin, Y. and Lower, M. E. and Manchester, R. N. and Mandow, R. and Miles, M. T. and Nathan, R. S. and Osłowski, S. and Russell, C. J. and Spiewak, R. and Zhang, S. and Zhu, X.-J.},
    journal   = {The Astrophysical Journal Letters},
    volume    = {951},
    number    = {1},
    pages     = {L6},
    month     = {6},
    year      = {2023},
    doi       = {10.3847/2041-8213/acdd02},
    archivePrefix = {arXiv},
    eprint    = {astro-ph/2306.16215}}
    
@article{J.Rekier_etal_2015,
    title     = {Fully relativistic non-linear cosmological evolution in spherical symmetry using the BSSN formalism},
    author    = {Rekier, J. and Cordero-Carri\'on, I. and F\"uzfa, A.},
    journal   = {\prd},
    volume    = {91},
    number    = {2},
    pages     = {024025},
    numpages  = {11},
    year      = {2015},
    month     = {1},
    doi       = {10.1103/PhysRevD.91.024025},
    archivePrefix = {arXiv},
    eprint    = {gr-qc/1409.3476}}
    
@article{J.Rekier_etal_2016,
    title     = {Nonlinear cosmological spherical collapse of quintessence},
    author    = {Rekier, J. and Fuzfa, A. and Cordero-Carrion, I.},
    journal   = {\prd},
    volume    = {93},
    number    = {4},
    pages     = {043533},
    numpages  = {13},
    year      = {2016},
    month     = {2},
    doi       = {10.1103/PhysRevD.93.043533},
    archivePrefix = {arXiv},
    eprint    = {gr-qc/1509.08354}}

@article{M.M.G.Ricci_T.Levi-Civita_1900,
    title     = {M{\'e}thodes de calcul diff{\'e}rentiel absolu et leurs applications},
    author    = {Ricci, M. M. G. and Levi-Civita, T.},
    journal   = {Mathematische Annalen},
    volume    = {54},
    number    = {},
    pages     = {125-201},
    month     = {3},
    year      = {1900},
    doi       = {10.1007/BF01454201}}

@article{B.Riemann_1868, 
    title     = {Ueber die Hypothesen, welche der Geometrie zu Grunde liegen}, 
    author    = {Riemann, B.},
    journal   = {Abhandlungen der K{\"o}niglichen Gesellschaft der Wissenschaften in G{\"o}ttingen},
    volume    = {},
    number    = {}, 
    pages     = {133}, 
    month     = {},
    year      = {1868},
    note      = {\href{http://resolver.sub.uni-goettingen.de/purl?GDZPPN002019213}{LINK}}}

@article{A.G.Riess_etal_1998,
    title     = {Observational Evidence from Supernovae for an Accelerating Universe and a Cosmological Constant},
    author    = {Riess, A. G. and Filippenko, A. V. and Challis, P. and Clocchiatti, A. and Diercks, A. and Garnavich, P. M. and Gilliland, R. L. and Hogan, C. J. and Jha, S. and Kirshner, R. P. and Leibundgut, B. and Phillips, M. M. and Reiss, D. and Schmidt, B. P. and Schommer, R. A. and Smith, R. C. and Spyromilio, J. and Stubbs, C. and Suntzeff, N. B. and Tonry, J.},
    journal   = {\apj},
    volume    = {116},
    number    = {3},
    pages     = {1009},
    month     = {9},
    year      = {1998},
    doi       = {10.1086/300499},
    archivePrefix = {arXiv},
    eprint    = {gr-qc/1409.3476}}

@article{A.G.Riess_etal_2022,
    title     = {A Comprehensive Measurement of the Local Value of the Hubble Constant with 1 km s-1 Mpc-1 Uncertainty from the Hubble Space Telescope and the SH0ES Team},
    author    = {Riess, A. G. and Yuan, W. and Macri, L. M. and Scolnic, D. and Brout, D. and Casertano, S. and Jones, D. O. and Murakami, Y. and Anand, G. S. and Breuval, L. and Brink, T. G. and Filippenko, A. V. and Hoffmann, S. and Jha, S. W. and Kenworthy, W. D. and Mackenty, J. and Stahl, B. E. and Zheng, W.},
    journal   = {The Astrophysical Journal Letters},
    volume    = {934},
    number    = {1},
    pages     = {L7},
    month     = {7},
    year      = {2022},
    doi       = {10.3847/2041-8213/ac5c5b},
    archivePrefix = {arXiv},
    eprint    = {astro-ph/2112.04510}}
    
@article{J.L.Ripley_etal_2021,
    title     = {Numerical computation of second order vacuum perturbations of Kerr black holes},
    author    = {Ripley, J. L. and Loutrel, N. and Giorgi, E. and Pretorius, F.},
    journal   = {\prd},
    volume    = {103},
    number    = {10},
    pages     = {104018},
    month     = {5},
    year      = {2021},
    doi       = {10.1103/PhysRevD.103.104018},
    archivePrefix = {arXiv},
    eprint    = {gr-qc/2010.00162}}

@article{H.P.Robertson_1935,
    title     = {Kinematics and World-Structure},
    author    = {Robertson, H. P.},
    journal   = {\apj},
    volume    = {82},
    number    = {},
    pages     = {284},
    month     = {11},
    year      = {1935},
    doi       = {10.1086/143681}}
    
@article{H.P.Robertson_1936_Apr,
    title     = {Kinematics and World-Structure II.},
    author    = {Robertson, H. P.},
    journal   = {\apj},
    volume    = {83},
    number    = {},
    pages     = {187},
    month     = {4},
    year      = {1936},
    doi       = {10.1086/143716}}
    
@article{H.P.Robertson_1936_May,
    title     = {Kinematics and World-Structure III.},
    author    = {Robertson, H. P.},
    journal   = {\apj},
    volume    = {83},
    number    = {},
    pages     = {257},
    month     = {5},
    year      = {1936},
    doi       = {10.1086/143726}}
    
@article{I.Robinson_A.Trautman_1962,
    title     = {Some spherical gravitational waves in general relativity},
    author    = {Robinson, I. and Trautman, A.},
    journal   = {\prsa},
    volume    = {265},
    number    = {},
    pages     = {463-473},
    numpages  = {},
    year      = {1962},
    month     = {2},
    doi       = {10.1098/rspa.1962.0036}}
    
@article{K.Rosquist_R.T.Jantzen_1985,
    title     = {Exact power law solutions of the Einstein equations},
    author    = {Rosquist, K. and Jantzen, R. T.},
    journal   = {\pl},
    volume    = {107},
    number    = {1},
    pages     = {29-32},
    year      = {1985},
    month     = {1},
    doi       = {10.1016/0375-9601(85)90240-3}}

@misc{S.Rosswog_etal_2023,
    title     = {The Lagrangian Numerical Relativity code SPHINCS\_BSSN\_v1.0}, 
    author    = {Rosswog, S. and Torsello, F. and Diener, P.},
    year      = {2023},
    archivePrefix = {arXiv},
    eprint    = {gr-qc/2306.06226}}
    
@article{C.Rovelli_1991,
    title     = {What is observable in classical and quantum gravity?},
    author    = {Rovelli, C.},
    journal   = {\cqg},
    volume    = {8},
    number    = {2},
    pages     = {297},
    year      = {1991},
    month     = {2},
    doi       = {10.1088/0264-9381/8/2/011}}
    
@article{C.Rovelli_2002,
    title     = {GPS observables in general relativity},
    author    = {Rovelli, C.},
    journal   = {\prd},
    volume    = {65},
    number    = {4},
    pages     = {044017},
    numpages  = {6},
    year      = {2002},
    month     = {1},
    doi       = {10.1103/physrevd.65.044017},
    archivePrefix = {arXiv},
    eprint    = {gr-qc/0110003}}
    
@article{D.Rubin_A.Loeb_2013,
    title     = {The virialization density of peaks with general density profiles under spherical collapse},
    author    = {Rubin, D. and Loeb, A.},
    journal   = {\jcap},
    volume    = {2013},
    number    = {12},
    pages     = {019-019},
    year      = {2013},
    month     = {12},
    doi       = {10.1088/1475-7516/2013/12/019},
    archivePrefix = {arXiv},
    eprint    = {astro-ph/1311.5594}}

@article{V.C.Rubin_W.K.Jr.Ford_1970,
    title     = {Rotation of the Andromeda Nebula from a Spectroscopic Survey of Emission Regions},
    author    = {Rubin, V. C. and Ford, W. K. Jr.},
    journal   = {\apj},
    volume    = {159},
    pages     = {379},
    month     = {2},
    year      = {1970},
    doi       = {10.1086/150317}}
    
@article{I.Ruchlin_etal_2018,
    title     = {$\mathrm{SENR}/\mathrm{NRPy}+$: Numerical relativity in singular curvilinear coordinate systems},
    author    = {Ruchlin, I. and Etienne, Z. B. and Baumgarte, T. W.},
    journal   = {\prd},
    volume    = {97},
    number    = {6},
    pages     = {064036},
    numpages  = {23},
    year      = {2018},
    month     = {3},
    doi       = {10.1103/PhysRevD.97.064036},
    archivePrefix = {arXiv},
    eprint    = {gr-qc/1712.07658}}
    
%%%%%%%%%%%%%%%%%%%%%%%%%%%%%%%%%%%%%%%%%%%%%%%%%%%%%%%%%%%%%%%%%%%%%%%%%%%%%%%%%%%%%
%S

@article{S.Saga_etal_2022,
    title     = {Cold dark matter protohalo structure around collapse: Lagrangian cosmological perturbation theory versus Vlasov simulations},
    author    = {Saga, S. and Taruya, A. and Colombi, S.},
    journal   = {Astronomy \& Astrophysics},
    volume    = {664},
    number    = {},
    pages     = {A3},
    year      = {2022},
    month     = {8},
    doi       = {10.1051/0004-6361/202142756},
    archivePrefix = {arXiv},
    eprint    = {astro-ph/2111.08836}}
    
@article{V.Sahni_P.Coles_1995,
    title     = {Approximation methods for non-linear gravitational clustering},
    author    = {Sahni, V. and Coles, P.},
    journal   = {\pr},
    volume    = {262},
    number    = {1},
    pages     = {1-135},
    year      = {1995},
    month     = {11},
    doi       = {10.1016/0370-1573(95)00014-8},
    archivePrefix = {arXiv},
    eprint    = {astro-ph/9505005}}
    
@article{A.S.Schmidt_etal_2018,
    title     = {Cosmological N-Body Simulations with a Large-Scale Tidal Field},
    author    = {Schmidt, A. S. and White, S. D. M. and Schmidt, F. and St\"ucker, J.},
    journal   = {\mnras},
    volume    = {479},
    number    = {1},
    pages     = {162-170},
    year      = {2018},
    month     = {9},
    doi       = {10.1093/mnras/sty1430},
    archivePrefix = {arXiv},
    eprint    = {astro-ph/1803.03274}}

@article{E.Schnetter_etal_2004_Carpet,
    title     = {Evolutions in 3D numerical relativity using fixed mesh refinement},
    author    = {Schnetter, E. and Hawley, S. H. and Hawke, I.},
    journal   = {\cqg},
    volume    = {21},
    number    = {6},
    pages     = {1465},
    month     = {2},
    year      = {2004},
    doi       = {10.1088/0264-9381/21/6/014},
    archivePrefix = {arXiv},
    eprint    = {gr-qc/0310042}}

@article{K.Schwarzschild_1916,
    title     = {On the gravitational field of a mass point according to Einstein's theory},
    author    = {Schwarzschild, K.},
    journal   = {Sitzungsberichte der K{\"o}niglich Preussischen Akademie der Wissenschaften},
    volume    = {1},
    number    = {},
    pages     = {189-196},
    month     = {1},
    year      = {1916},
    note      = {\href{https://archive.org/details/sitzungsberichte1916deutsch/page/188/mode/2up?view=theater}{LINK}},
    archivePrefix = {arXiv},
    eprint    = {physics/9905030}}
    
@article{R.K.Sheth_G.Tormen_1999,
    title     = {Large-scale bias and the peak background split},
    author    = {Sheth, R. K. and Tormen, G.},
    journal   = {\mnras},
    volume    = {308},
    number    = {1},
    pages     = {119-126},
    year      = {1999},
    month     = {9},
    doi       = {10.1046/j.1365-8711.1999.02692.x},
    archivePrefix = {arXiv},
    eprint    = {astro-ph/9901122}}

@article{M.Shibata_T.Nakamura_1995,
    title     = {Evolution of three-dimensional gravitational waves: Harmonic slicing case},
    author    = {Shibata, M. and Nakamura, T.},
    journal   = {\prd},
    volume    = {52},
    number    = {10},
    pages     = {5428-5444},
    month     = {11},
    year      = {1995},
    doi       = {10.1103/PhysRevD.52.5428}}
    
@article{M.Shibata_M.Sasaki_1999,
    title     = {Black hole formation in the Friedmann universe: Formulation and computation in numerical relativity},
    author    = {Shibata, M. and Sasaki, M.},
    journal   = {\prd},
    volume    = {60},
    pages     = {084002},
    year      = {1999},
    doi       = {10.1103/PhysRevD.60.084002},
    archivePrefix = {arXiv},
    eprint    = {gr-qc/9905064}}

@article{L.Smarr_J.W.Jr.York_1978_Apr,
    title     = {Radiation gauge in general relativity},
    author    = {Smarr, L. and York, J. W. Jr.},
    journal   = {\prd},
    volume    = {17},
    number    = {8},
    pages     = {1945-1956},
    month     = {4},
    year      = {1978},
    doi       = {10.1103/PhysRevD.17.1945}}

@article{L.Smarr_J.W.Jr.York_1978_May,
    title     = {Kinematical conditions in the construction of spacetime},
    author    = {Smarr, L. and York, J. W. Jr.},
    journal   = {\prd},
    volume    = {17},
    number    = {10},
    pages     = {2529-2551},
    month     = {5},
    year      = {1978},
    doi       = {10.1103/PhysRevD.17.2529}}

@article{D.Sobral-Blanco_C.Bonvin_2021,
    title     = {Measuring anisotropic stress with relativistic effects},
    author    = {Sobral-Blanco, D. and Bonvin, C.},
    journal   = {\prd},
    volume    = {104},
    number    = {6},
    pages     = {063516},
    month     = {},
    year      = {2021},
    doi       = {10.1103/PhysRevD.104.063516},
    archivePrefix = {arXiv},
    eprint    = {astro-ph/2102.05086}}

@article{S.Sonego_M.Bruni_1997,
    title     = {Gauge dependence in the theory of nonlinear space-time perturbations},
    author    = {Sonego, S. and Bruni, M.},
    journal   = {\cmp},
    volume    = {93},
    number    = {1},
    pages     = {209-218},
    year      = {1998},
    month     = {4},
    doi       = {10.1007/s002200050325},
    archivePrefix = {arXiv},
    eprint    = {gr-qc/9708068}}
    
@article{C.F.Sopuerta_etal_1999,
    title     = {Nonperturbative gravitomagnetic fields},
    author    = {Sopuerta, C. F. and Maartens, R. and Ellis, G. F. R. and Lesame, W. M.},
    journal   = {\prd},
    volume    = {60},
    number    = {2},
    pages     = {024006},
    year      = {1999},
    month     = {6},
    doi       = {10.1103/PhysRevD.60.024006},
    archivePrefix = {arXiv},
    eprint    = {gr-qc/9809085}}
    
@article{C.F.Sopuerta_etal_2004,
    title     = {Nonlinear N parameter space-time perturbations: Gauge transformations},
    author    = {Sopuerta, C. F. and Bruni, M. and Gualtieri, L.},
    journal   = {\prd},
    volume    = {70},
    number    = {6},
    pages     = {064002},
    numpages  = {6},
    year      = {2004},
    month     = {9},
    doi       = {10.1103/PhysRevD.70.064002},
    archivePrefix = {arXiv},
    eprint    = {gr-qc/0306027}}

@article{C.F.Sopuerta_etal_2006,
    title     = {Gravitational Recoil from Binary Black Hole Mergers: The Close-Limit Approximation},
    author    = {Sopuerta, C. F. and Yunes, N. and Laguna, P.},
    journal   = {\prd},
    volume    = {74},
    number    = {4},
    pages     = {124010},
    month     = {8},
    year      = {2006},
    doi       = {10.1103/PhysRevD.78.049901},
    note      = {[Erratum: Phys.Rev.D 75, 069903 (2007), Erratum: Phys.Rev.D 78, 049901 (2008)]},
    archivePrefix = {arXiv},
    eprint    = {astro-ph/0608600}}

@article{C.F.Sopuerta_N.Yunes_2009,
    title     = {Extreme and Intermediate-Mass Ratio Inspirals in Dynamical Chern-Simons Modified Gravity},
    author    = {Sopuerta, C. F. and Yunes, N.},
    journal   = {\prd},
    volume    = {80},
    number    = {6},
    pages     = {064006},
    month     = {9},
    year      = {2009},
    doi       = {10.1103/PhysRevD.80.064006},
    archivePrefix = {arXiv},
    eprint    = {gr-qc/0904.4501}}

@article{V.Springel_etal_2006,
    title     = {The large-scale structure of the Universe},
    author    = {Springel, V. and Frenk, C. S. and White, S. D. M.},
    journal   = {Nature},
    volume    = {440},
    number    = {7088},
    pages     = {1137-1144},
    month     = {4},
    year      = {2006},
    doi       = {10.1038/nature04805},
    archivePrefix = {arXiv},
    eprint    = {astro-ph/0604561}}
    
@article{F.Staelens_etal_2021,
    title     = {Universality of the spherical collapse with respect to the matter type : the case of a barotropic fluid with linear equation of state},
    author    = {Staelens, F. and Rekier, J. and F\"uzfa, A.},
    journal   = {\grg},
    volume    = {53},
    number    = {4},
    pages     = {38},
    year      = {2021},
    month     = {4},
    doi       = {10.1007/s10714-021-02804-4},
    archivePrefix = {arXiv},
    eprint    = {gr-qc/1912.00677}}
    
@article{J.M.Stewart_M.Walker_1974,
    title     = {Perturbations of Space-Times in General Relativity},
    author    = {Stewart, J. M. and Walker, M.},
    journal   = {\prsa},
    volume    = {341},
    number    = {1624},
    pages     = {49-74},
    year      = {1974},
    month     = {10},
    doi       = {10.1098/rspa.1974.0172}}
    
@article{J.M.Stewart_1990,
    title     = {Perturbations of Friedmann-Robertson-Walker cosmological models},
    author    = {Stewart, J. M.},
    journal   = {\cqg},
    volume    = {7},
    number    = {7},
    pages     = {1169-1180},
    year      = {1990},
    month     = {7},
    doi       = {10.1088/0264-9381/7/7/013}}
    
@article{P.Szekeres_1965,
    title     = {The Gravitational compass},
    author    = {Szekeres, P.},
    journal   = {\jmp},
    volume    = {6},
    number    = {},
    pages     = {1387-1391},
    year      = {1965},
    month     = {},
    doi       = {10.1063/1.1704788}}
    
@article{P.Szekeres_1975,
    title     = {A Class of Inhomogeneous Cosmological Models},
    author    = {Szekeres, P.},
    journal   = {\cmp},
    volume    = {41},
    number    = {1},
    pages     = {55-64},
    year      = {1975},
    month     = {2},
    doi       = {10.1007/BF01608547}}
    
%%%%%%%%%%%%%%%%%%%%%%%%%%%%%%%%%%%%%%%%%%%%%%%%%%%%%%%%%%%%%%%%%%%%%%%%%%%%%%%%%%%%%
%T

@article{A.Talebian-Ashkezari_etal_2018,
    title     = {$\delta$ M formalism: a new approach to cosmological perturbation theory in anisotropic inflation},
    author    = {Talebian-Ashkezari, A. and Ahmadi, N. and Abolhasani, A. A.},
    journal   = {\jcap},
    volume    = {2018},
    number    = {3},
    pages     = {001},
    month     = {3},
    year      = {2018},
    doi       = {10.1088/1475-7516/2018/03/001},
    archivePrefix = {arXiv},
    eprint    = {gr-qc/1609.05893}}
    
@article{C.Tang_etal_2020,
    author    = {Tang, C. and Zhang, P. and Luo, W. and Li, N. and Cai, Y.-F. and Pi, S.},
    title     = {Measuring the gravitomagnetic distortion from rotating halos I: methods},
    journal   = {Astrophys. J.},
    volume    = {911},
    number    = {1},
    pages     = {44},
    year      = {2021},
    doi       = {10.3847/1538-4357/abe69e},
    archivePrefix = {arXiv},
    eprint    = {astro-ph/2009.12011}}
    
@article{S.A.Teukolsky_1973,
    title     = {Perturbations of a rotating black hole. 1. Fundamental equations for gravitational electromagnetic and neutrino field perturbations},
    author    = {Teukolsky, S. A.},
    journal   = {\apj},
    volume    = {185},
    number    = {},
    pages     = {635-647},
    year      = {1973},
    month     = {10},
    doi       = {10.1086/152444}}

@article{M.Thierfelder_etal_2011,
    title     = {Numerical relativity simulations of binary neutron stars},
    author    = {Thierfelder, M. and Bernuzzi, S. and Br{\"u}gmann, B.},
    journal   = {\prd},
    volume    = {84},
    number    = {},
    pages     = {044012},
    month     = {},
    year      = {2011},
    doi       = {10.1103/PhysRevD.84.044012},
    archivePrefix = {arXiv},
    eprint    = {gr-qc/1104.4751}}
    
@article{D.B.Thomas_etal_2015_16Jul,
    title     = {The fully non-linear post-Friedmann frame-dragging vector potential: Magnitude and time evolution from N-body simulations},
    author    = {Thomas, D. B. and Bruni, M. and Wands, D.},
    journal   = {\mnras},
    volume    = {452},
    number    = {2},
    pages     = {1727-1742},
    month     = {7},
    year      = {2015},
    doi       = {10.1093/mnras/stv1390},
    archivePrefix = {arXiv},
    eprint    = {astro-ph/1501.00799}}
    
@article{D.B.Thomas_etal_2015_30Jul,
    title     = {f(R) gravity on non-linear scales: The post-Friedmann expansion and the vector potential},
    author    = {Thomas, D. B. and Bruni, M. and Koyama, K. and Li, B. and Zhao, G-B.},
    journal   = {\jcap},
    volume    = {07},
    pages     = {051},
    month     = {7},
    year      = {2015},
    doi       = {10.1088/1475-7516/2015/07/051},
    archivePrefix = {arXiv},
    eprint    = {gr-qc/1503.07204}}
    
@misc{M.W.Thomas_E.Schnetter_2010,
    title     = {Simulation Factory: Taming application configuration and workflow on high-end resources},
    author    = {Thomas, M. W. and Schnetter, E.},
    journal   = {2010 11th IEEE/ACM International Conference on Grid Computing},
    volume    = {},
    number    = {},
    pages     = {},
    year      = {2010},
    month     = {},
    doi       = {10.48550/ARXIV.1008.4571},
    archivePrefix = {arXiv},
    eprint    = {cs/1008.4571}}

@article{C.Tian_etal_2020,
    title     = {On the question of measuring spatial curvature in an inhomogeneous universe},
    author    = {Tian, C. and Anselmi, S. and Carney, M. F. and Giblin, J. T. and Mertens, J. B. and Strakman, G. D.},
    journal   = {\prd},
    volume    = {103},
    number    = {8},
    pages     = {083513},
    numpages  = {9},
    year      = {2020},
    month     = {4},
    doi       = {10.1103/PhysRevD.103.083513},
    archivePrefix = {arXiv},
    eprint    = {astro-ph/2010.07274}}
    
@article{C.Tian_etal_2022,
    title     = {Accurate relativistic observables from postprocessing light cone catalogs},
    author    = {Tian, C. and Carney, M. F. and Mertens, J. B. and Starkman, G.},
    journal   = {\prd},
    volume    = {105},
    number    = {6},
    pages     = {},
    year      = {2022},
    month     = {3},
    doi       = {10.1103/physrevd.105.063511},
    archivePrefix = {arXiv},
    eprint    = {astro-ph/2110.00893}}

@article{R.C.Tolman_1934,
    title     = {Effect of Inhomogeneity on Cosmological Models},
    author    = {Tolman, R. C.},
    journal   = {Proceedings of the National Academy of Sciences},
    volume    = {20},
    number    = {3},
    pages     = {169-176},
    month     = {2},
    year      = {1934},
    doi       = {10.1073/pnas.20.3.169}}
    
@article{K.Tomita_1967,
    title     = {Non-Linear Theory of Gravitational Instability in the Expanding Universe},
    author    = {Tomita, K.},
    journal   = {\ptp},
    volume    = {37},
    number    = {5},
    pages     = {831-846},
    year      = {1967},
    month     = {05},
    doi       = {10.1143/PTP.37.831}}
    
@article{J.M.Torres_etal_2014,
    title     = {Cosmological nonlinear structure formation in full general relativity},
    author    = {Torres, J. M. and Alcubierre, M. and Diez-Tejedor, A. and N{\'u}{\~n}ez, D.},
    journal   = {\prd},
    volume    = {90},
    number    = {12},
    pages     = {123002},
    numpages  = {16},
    year      = {2014},
    month     = {12},
    doi       = {10.1103/PhysRevD.90.123002},
    archivePrefix = {arXiv},
    eprint    = {gr-qc/1409.7953}}

@article{F.Torsello_etal_2020,
    title     = {Covariant BSSN formulation in bimetric relativity},
    author    = {Torsello, F. and Kocic, M. and H{\"o}g{\r{a}}s, M. and M{\"o}rtsell, E.},
    journal   = {\cqg},
    volume    = {37},
    number    = {2},
    pages     = {025013},
    month     = {},
    year      = {2020},
    doi       = {10.1088/1361-6382/ab56fc},
    note      = {[Erratum: Class.Quant.Grav. 37, 079501 (2020)]},
    archivePrefix = {arXiv},
    eprint    = {gr-qc/1904.07869}}

@article{C.G.Tsagas_etal_2008,
    title     = {Relativistic cosmology and large-scale structure},
    author    = {Tsagas, C. G. and Challinor, A. and Maartens, R.},
    journal   = {\pr},
    volume    = {465},
    number    = {2},
    pages     = {61-147},
    month     = {5},
    year      = {2008},
    doi       = {10.1016/j.physrep.2008.03.003},
    archivePrefix = {arXiv},
    eprint    = {astro-ph/0705.4397}}

@article{J.A.Tyson_etal_1990,
    title     = {Detection of Systematic Gravitational Lens Galaxy Image Alignments: Mapping Dark Matter in Galaxy Clusters},
    author    = {Tyson, J. A. and Valdes, F. and Wenk, R. A.},
    journal   = {The Astrophysical Journal Letters},
    volume    = {349},
    number    = {},
    pages     = {L1},
    month     = {1},
    year      = {1990},
    doi       = {10.1086/185636}}
    
%%%%%%%%%%%%%%%%%%%%%%%%%%%%%%%%%%%%%%%%%%%%%%%%%%%%%%%%%%%%%%%%%%%%%%%%%%%%%%%%%%%%%
%U

@article{O.Umeh_2022,
    title     = {The art of building a smooth cosmic distance ladder in a perturbed universe},
    author    = {Umeh, O.},
    journal   = {\jcap},
    volume    = {08},
    number    = {08},
    pages     = {023},
    month     = {},
    year      = {2022},
    doi       = {10.1088/1475-7516/2022/08/023},
    archivePrefix = {arXiv},
    eprint    = {2201.11089}}

@misc{O.Umeh_2023,
    title     = {Vorticity generation in cosmology and the role of shell crossing},
    author    = {Umeh, O.},
    month     = {3},
    year      = {2023},
    archivePrefix = {arXiv},
    eprint    = {2303.08782}}
    
%%%%%%%%%%%%%%%%%%%%%%%%%%%%%%%%%%%%%%%%%%%%%%%%%%%%%%%%%%%%%%%%%%%%%%%%%%%%%%%%%%%%%
%V
    
@article{P.C.Vaidya_1951,
    title     = {The gravitational field of a radiating star},
    author    = {Vaidya, P. C.},
    journal   = {Proceedings of the Indian Academy of Sciences - Section A},
    volume    = {33},
    number    = {5},
    pages     = {264},
    numpages  = {},
    year      = {1951},
    month     = {5},
    doi       = {10.1007/BF03173260}}

@article{E.Villa_C.Rampf_2015,
    title     = {Relativistic perturbations in $\Lambda$CDM: Eulerian \& Lagrangian approaches},
    author    = {Villa, E. and Rampf, C.},
    journal   = {\jcap},
    volume    = {2016},
    number    = {1},
    pages     = {030},
    month     = {1},
    year      = {2016},
    doi       = {10.1088/1475-7516/2016/01/030},
    note      = {[Erratum: JCAP 05, E01 (2018)]},
    archivePrefix = {arXiv},
    eprint    = {gr-qc/1505.04782}}

@article{A.Voss_1880,
    title     = {Zur Theorie der Transformation quadratischer Differentialausdr{\"u}cke und der Kr{\"u}mmung h{\"o}herer Mannigfaltigkeiten},
    author    = {Voss, A.},
    journal   = {Mathematische Annalen},
    volume    = {16},
    number    = {},
    pages     = {129-179},
    month     = {6},
    year      = {1880},
    doi       = {10.1007/BF01446384}}
    
@misc{D.N.Vulcanov_2002,
    title     = {Doing numerical cosmology with the Cactus code},
    author    = {Vulcanov, D. N.},
    month     = {10},
    year      = {2002},
    archivePrefix = {arXiv},
    eprint    = {gr-qc/0210006}}
    
%%%%%%%%%%%%%%%%%%%%%%%%%%%%%%%%%%%%%%%%%%%%%%%%%%%%%%%%%%%%%%%%%%%%%%%%%%%%%%%%%%%%%
%W

@article{A.G.Walker_1937,
    title     = {On Milne's Theory of World-Structure},
    author    = {Walker, A. G.},
    journal   = {Proceedings of the London Mathematical Society},
    volume    = {s2-42},
    number    = {1},
    pages     = {90-127},
    month     = {6},
    year      = {1937},
    doi       = {10.1112/plms/s2-42.1.90}}

@article{L.Wang_P.J.Steinhardt_1998,
    title     = {Cluster Abundance Constraints for Cosmological Models with a Time‐varying, Spatially Inhomogeneous Energy Component with Negative Pressure},
    author    = {Wang, L. and Steinhardt, P. J.},
    journal   = {\apj},
    volume    = {508},
    number    = {2},
    pages     = {483-490},
    year      = {1998},
    month     = {12},
    doi       = {10.1086/306436}}

@article{H.Weyl_1918,
    title     = {Reine Infinitesimalgeometrie},
    author    = {Weyl, H.},
    journal   = {Mathematische Zeitschrift},
    volume    = {2},
    number    = {3-4},
    pages     = {384-411},
    month     = {9},
    year      = {1918},
    doi       = {10.1007/BF01199420}}

@article{M.J.White_2002,
    title     = {The Mass function},
    author    = {White, M. J},
    journal   = {Astrophys. J. Suppl.},
    volume    = {143},
    number    = {2},
    pages     = {241},
    month     = {12},
    year      = {2002},
    doi       = {10.1086/342752},
    archivePrefix = {arXiv},
    eprint    = {astro-ph/0207185}}

@article{S.D.M.White_M.J.Rees_1978,
    title     = {Core condensation in heavy halos: a two-stage theory for galaxy formation and clustering.},
    author    = {White, S.~D.~M. and Rees, M. J.},
    journal   = {\mnras},
    volume    = {183},
    number    = {3},
    pages     = {341-358},
    year      = {1978},
    month     = {7},
    doi       = {10.1093/mnras/183.3.341}}

@article{C.M.Will_2014,
    title     = {The Confrontation between General Relativity and Experiment},
    author    = {Will, C. M.},
    journal   = {\lrr},
    volume    = {17},
    number    = {4},
    pages     = {},
    month     = {12},
    year      = {2014},
    doi       = {10.12942/lrr-2014-4},
    archivePrefix = {arXiv},
    eprint    = {gr-qc/1403.7377}}

@article{J.R.Wilson_1972,
    title     = {Numerical Study of Fluid Flow in a Kerr Space},
    author    = {Wilson, J. R.},
    journal   = {The Astrophysical Journal},
    volume    = {173},
    number    = {2},
    pages     = {431-438},
    month     = {4},
    year      = {1972},
    doi       = {10.1086/151434}}
    
@article{L.Wylleman_etal_2019,
    title     = {Observer-based invariants for cosmological models},
    author    = {Wylleman, L. and Coley, A. and McNutt, D. and Aadne, M.},
    journal   = {\cqg},
    volume    = {36},
    number    = {23},
    pages     = {235018},
    year      = {2019},
    month     = {11},
    doi       = {10.1088/1361-6382/ab52a7},
    archivePrefix = {arXiv},
    eprint    = {gr-qc/2007.15915}}
    
%%%%%%%%%%%%%%%%%%%%%%%%%%%%%%%%%%%%%%%%%%%%%%%%%%%%%%%%%%%%%%%%%%%%%%%%%%%%%%%%%%%%%
%X

@article{H.Xu_etal_2023,
    title     = {Searching for the Nano-Hertz Stochastic Gravitational Wave Background with the Chinese Pulsar Timing Array Data Release I},
    author    = {Xu, H. and Chen, S. and Guo, Y. and Jiang, J. and Wang, B. and Xu, J. and Xue, Z. and Caballero, R. N. and Yuan, J. and Xu, Y. and Wang, J. and Hao, L. and Luo, J. and Lee, K. and Han, J. and Jiang, P. and Shen, Z. and Wang, M. and Wang, N. and Xu, R. and Wu, X. and Manchester, R. and Qian, L. and Guan, X. and Huang, M. and Sun, C. and Zhu, Y.},
    journal   = {Research in Astronomy and Astrophysics},
    volume    = {23},
    number    = {7},
    pages     = {075024},
    month     = {6},
    year      = {2023},
    doi       = {10.1088/1674-4527/acdfa5},
    archivePrefix = {arXiv},
    eprint    = {astro-ph/2306.16216}}
    
%%%%%%%%%%%%%%%%%%%%%%%%%%%%%%%%%%%%%%%%%%%%%%%%%%%%%%%%%%%%%%%%%%%%%%%%%%%%%%%%%%%%%
%Y

@article{T.Yamamoto_etal_2008,
    title     = {Simulating coalescing compact binaries by a new code SACRA},
    author    = {Yamamoto, T. and Shibata, M. and Taniguchi, K.},
    journal   = {\prd},
    volume    = {78},
    number    = {},
    pages     = {064054},
    month     = {},
    year      = {2008},
    doi       = {10.1103/PhysRevD.78.064054},
    archivePrefix = {arXiv},
    eprint    = {gr-qc/0806.4007}}

@article{C-M.Yoo_etal_2017,
    title     = {3D Simulation of Spindle Gravitational Collapse of a Collisionless Particle System},
    author    = {Yoo, C-M. and Harada, T. and Okawa, H.},
    journal   = {\cqg},
    volume    = {34},
    number    = {10},
    pages     = {105010},
    year      = {2017},
    month     = {4},
    doi       = {10.1088/1361-6382/aa6ad5},
    archivePrefix = {arXiv},
    eprint    = {gr-qc/1611.07906}}

@article{C-M.Yoo_etal_2019,
    title     = {Gravitational Collapse of a Massless Scalar Field in a Periodic Box},
    author    = {Yoo, C.-M. and Ikeda, T. and Okawa, H.},
    journal   = {\cqg},
    volume    = {36},
    number    = {7},
    pages     = {075004},
    year      = {2019},
    month     = {3},
    doi       = {10.1088/1361-6382/ab06e2},
    archivePrefix = {arXiv},
    eprint    = {gr-qc/1811.00762}}

@article{C-M.Yoo_etal_2020,
    title     = {Threshold of Primordial Black Hole Formation in Nonspherical Collapse},
    author    = {Yoo, C.-M. and Harada, T. and Okawa, H.},
    journal   = {\prd},
    volume    = {102},
    number    = {4},
    pages     = {043526},
    month     = {8},
    year      = {2020},
    note      = {[Erratum: Phys.Rev.D 107, 049901 (2023)]},
    doi       = {10.1103/PhysRevD.102.043526},
    archivePrefix = {arXiv},
    eprint    = {gr-qc/2004.01042}}

@article{J.Yoo_R.Durrer_2017,
    title     = {Gauge-transformation properties of cosmological observables and its application to the light-cone average},
    author    = {Yoo, J. and Durrer, R.},
    journal   = {\jcap},
    volume    = {2017},
    number    = {9},
    pages     = {16-16},
    year      = {2017},
    month     = {9},
    doi       = {10.1088/1475-7516/2017/09/016},
    archivePrefix = {arXiv},
    eprint    = {astro-ph/1705.05839}}

@article{J.W.Jr.York_1973,
    title     = {Conformatlly invariant orthogonal decomposition of symmetric tensors on Riemannian manifolds and the initial value problem of general relativity},
    author    = {York, J. W. Jr.},
    journal   = {\jmp},
    volume    = {14},
    number    = {4},
    pages     = {456-464},
    month     = {4},
    year      = {1973},
    doi       = {10.1063/1.1666338}}
    
%%%%%%%%%%%%%%%%%%%%%%%%%%%%%%%%%%%%%%%%%%%%%%%%%%%%%%%%%%%%%%%%%%%%%%%%%%%%%%%%%%%%%
%Z
    
@article{E.Zakhary_C.B.G.McIntosh_1997,
    title     = {A Complete Set of Riemann Invariants},
    author    = {Zakhary, E. and McIntosh, C. B. G.},
    journal   = {\grg},
    volume    = {29},
    number    = {5},
    pages     = {539-581},
    year      = {1997},
    month     = {5},
    doi       = {10.1023/A:1018851201784}}
    
@article{Y.B.Zeldovich_1970,
    title     = {Gravitational instability: An approximate theory for large density perturbations},
    author    = {Zel'dovich, Y. B.},
    journal   = {Astronomy \& Astrophysics},
    volume    = {5},
    number    = {},
    pages     = {84-89},
    year      = {1970},
    month     = {3},
    doi       = {}}
    
@article{Y.Zheng_etal_2022,
    title     = {Measuring cosmic filament spin with the kinetic Sunyaev-Zel'dovich effect},
    author    = {Zheng, Y. and Cai, Y.-C. and Zhu, W. and Neyrinck, M. and Wang, P. and Li, S.},
    journal   = {\mnras},
    volume    = {519},
    number    = {1},
    pages     = {1171-1188},
    year      = {2022},
    month     = {12},
    doi       = {10.1093/mnras/stac3600},
    archivePrefix = {arXiv},
    eprint    = {astro-ph/2209.04464}}

%%%%%%%%%%%%%%%%%%%%%%%%%%%%%%%%%%%%%%%%%%%%%%%%%%%%%%%%%%%%%%%%%%%%%%%%%%%%%%%%%%%%%
%Codes

@misc{BHAC,
    title     = {BHAC},
    url       = {https://bhac.science/}}

@misc{CosmoGRaPH,
    title     = {CosmoGRaPH},
    url       = {http://cwru-pat.github.io/cosmograph/}}

@misc{EinsteinToolkit,
    title     = {Einstein Toolkit},
    url       = {https://www.einsteintoolkit.org/}}

@misc{gevolution,
    title     = {gevolution},
    url       = {https://github.com/gevolution-code?tab=overview&from=2015-12-01&to=2015-12-31}}

@misc{GRAMSES,
    title     = {GRAMSES},
    url       = {https://gitlab.cosma.dur.ac.uk/dc-barr3/gramses_semi_public}}

@misc{GRChombo,
    title     = {GRChombo},
    url       = {https://www.grchombo.org/}}

@misc{KADATH,
    title     = {KADATH},
    url       = {https://kadath.obspm.fr/home/}}

@misc{LORENE,
    title     = {LORENE},
    url       = {https://lorene.obspm.fr/}}
    
@misc{Maple,
    title     = {Maple},
    author    = {Maplesoft},
    url       = {https://hadoop.apache.org},
    version   = {2019},
    address   = {Waterloo, Ontario},
    date      = {2019}}

@misc{R.L.Munoz_2022_EBWeyl,
    title     = {\texttt{{EBW}eyl}},
    author    = {Munoz, R. L.},
    year      = {2022},
    url       = {https://github.com/robynlm/ebweyl}}
    
@misc{R.L.Munoz_2022_sphereint,
    title     = {\texttt{sphereint}},
    author    = {Munoz, R. L.},
    year      = {2023},
    url       = {https://github.com/robynlm/sphereint}}
    
@misc{R.L.Munoz_2023_ICPertFLRW,
    title     = {\texttt{ICPertFLRW}},
    author    = {Munoz, R. L.},
    year      = {2023},
    url       = {https://github.com/robynlm/ICPertFLRW}}

@misc{Sciama,
    title     = {SCIAMA},
    url       = {http://www.sciama.icg.port.ac.uk/}}
    
@misc{Slurm,
    title     = {Slurm},
    url       = {https://slurm.schedmd.com/documentation.html}}

@misc{SpEC,
    title     = {SpEC},
    url       = {https://www.black-holes.org/code/SpEC.html}}

@misc{Whisky,
    title     = {Whisky},
    url       = {https://whiskycode.org/}}

%%%%%%%%%%%%%%%%%%%%%%%%%%%%%%%%%%%%%%%%%%%%%%%%%%%%%%%%%%%%%%%%%%%%%%%%%%%%%%%%%%%%%
%PhD Thesis

@phdthesis{J.Adamek_2011,
    title     = {Classical and Quantum Aspects of Anisotropic Cosmology},
    author    = {Adamek, J.},
    school    = {Wurzburg U.},
    year      = {2011},
    note      = {\href{https://inspirehep.net/files/09a886f894c705d64b5932a2952985e6}{LINK}}}

@phdthesis{C.G.Barrera-Hinojosa_2021,
    title     = {Simulations and observables in relativistic cosmology},
    author    = {Barrera-Hinojosa, C. G.},
    school    = {Durham U.},
    year      = {2021}}

@phdthesis{D.H.Bernstein_1993,
    title     = {A Numerical Study of the Black Hole Plus Brill Wave Spacetime.},
    author    = {Bernstein, D. H.},
    school    = {University of Illinois, Urbana-Champaign},
    year      = {1993}}

@phdthesis{M.Bruni_1991,
    title     = {Covariant and gauge-invariant cosmological perturbations},
    author    = {Bruni, M.},
    school    = {SISSA, Trieste},
    year      = {1991}}
    
@phdthesis{H.J.Macpherson_2019,
    title     = {Inhomogeneous cosmology in an anisotropic Universe},
    author    = {Macpherson, H. J.},
    school    = {Monash Centre for Astrophysics, School of Physics and Astronomy},
    year      = {2019},
    archivePrefix = {arXiv},
    eprint    = {astro-ph/1910.13380}}
    
@phdthesis{P.Monaco_1997,
    title     = {The Cosmological Mass Function},
    author    = {Monaco, P.},
    school    = {SISSA, Trieste},
    year      = {1997},
    archivePrefix = {arXiv},
    eprint    = {astro-ph/9710085}}
    
%%%%%%%%%%%%%%%%%%%%%%%%%%%%%%%%%%%%%%%%%%%%%%%%%%%%%%%%%%%%%%%%%%%%%%%%%%%%%%%%%%%%%
%Books

@book{M.Alcubierre_2008,
    title     = {Introduction to 3+1 Numerical Relativity},
    author    = {Alcubierre, M.},
    publisher = {Oxford Science Publications},
    doi       = {10.1093/acprof:oso/9780199205677.001.0001},
    year      = {2008}}
    
@book{T.W.Baumgarte_S.L.Shapiro_2010,
    title     = {Numerical Relativity: Solving Einstein's Equations on the Computer}, 
    author    = {Baumgarte, T. W. and Shapiro, S. L.}, 
    publisher = {Cambridge University Press}, 
    doi       = {10.1017/CBO9781139193344}, 
    year      = {2010}}

@book{E.Cartan_1946,
    title     = {Le\c{c}ons sur la Geometrie des Espaces de Riemann},
    author    = {Cartan, E.},
    publisher = {Gauthier-Villars, Paris},
    note      = {\href{https://archive.org/details/geometryofrieman0013cart/mode/2up}{LINK}},
    year      = {1946}}
    
@book{S.Chandrasekhar_1992,
    title     = {The Mathematical Theory of Black Holes},
    author    = {Chandrasekhar, S.},
    publisher = {Oxford University Press},
    year      = {1992}}
    
@book{Y.Choquet-Bruhat_2015,
    title     = {Introduction to General Relativity, Black Holes, and Cosmology},
    author    = {Choquet-Bruhat, Y},
    publisher = {Oxford University Press},
    doi       = {},
    year      = {2015}}

@book{G.Darmois_1927,
    title     = {Les {\'e}quations de la gravitation einsteinienne},
    author    = {Darmois, G.},
    publisher = {Gauthier-Villars, Paris},
    note      = {\href{http://www.numdam.org/issue/MSM_1927__25__1_0.pdf}{LINK}},
    year      = {1927}}
    
@book{R.DInverno_1992,
    title     = {Introducing Einstein's Relativity},
    author    = {D'Inverno, R.},
    publisher = {Oxford University Press},
    year      = {1992}}

@inproceedings{B.Jain_E.Bertschinger_1993,
    title     = {Nonlinear effects due to the coupling of long wave modes},
    author    = {Jain, B. and Bertschinger, E.},
    booktitle = {Cosmic Velocity Fields},
    editor    = {Bouchet, F. and Lachieze-Rey, M.},
    volume    = {9},
    pages     = {553},
    year      = {1993},
    month     = {1},
    doi       = {10.48550/arXiv.astro-ph/9309040},
    archivePrefix = {arXiv},
    eprint    = {astro-ph/9309040}}

% TO FIND
@inproceedings{M.A.Jette_2002_Slurm,
    title     = {SLURM: Simple Linux Utility for Resource Management},
    author    = {Jette, M.~A. and Yoo, A.~B. and Grondona, M.},
    booktitle = {In Lecture Notes in Computer Science: Proceedings of Job Scheduling Strategies for Parallel Processing (JSSPP) 2003},
    publisher = {Springer},
    year      = {2002},
    doi       = {10.1007/10968987_3}}
    
@book{G.F.R.Ellis_etal_2012,
    title     = {Relativistic Cosmology},
    author    = {Ellis, G. F. R. and Maartens, R. and MacCallum, M. A. H.},
    publisher = {Cambridge University Press},
    doi       = {10.1017/CBO9781139014403},
    year      = {2012}}

@book{V.Faraoni_2015,
    title     = {Cosmological and Black Hole Apparent Horizons},
    author    = {Faraoni, V.},
    publisher = {Springer Cham},
    volume    = {907},
    doi       = {10.1007/978-3-319-19240-6},
    year      = {2015}}

@inproceedings{T.Goodale_etal_2003,
    title     = {The Cactus Framework and Toolkit: Design and Applications},
    author    = {Goodale, T. and Allen, G. and Lanfermann, G. and Mass{\'o}, J. and Radke, T. and Seidel, E. and Shalf, J.},
    booktitle = {High Performance Computing for Computational Science --- VECPAR 2002},
    editor    = {Palma, J. M. L. M. and Sousa, A. A. and Dongarra, J. and Hern{\'a}ndez, V.},
    publisher = {Springer},
    address   = {Berlin, Heidelberg},
    volume    = {2565},
    pages     = {197-227},
    year      = {2003},
    doi       = {10.1007/3-540-36569-9_13},
    isbn      = {978-3-540-36569-3}}

@book{L.D.Landau_E.M.Lifshitz_1975,
    title     = {The Classical Theory of Fields},
    author    = {Landau, L. D. and Lifshitz, E. M.},
    publisher = {Reed Education and Professional Publishing Ltd},
    volume    = {2},
    year      = {1975}}

@book{R.H.Landau_etal_2007,
    title     = {Computational Physics},
    author    = {Landau, R. H. and P{\'a}ez, M. J. and Bordeianu, C. C.},
    publisher = {Wiley-VCH Verlag GmbH \& Co. KGaA},
    year      = {2007}}

@book{S.Lie_1888,
    title     = {Theory of Transformation Groups I},
    author    = {Lie, S.},
    publisher = {B. G. Teubner},
    address   = {Leipzig},
    year      = {1888},
    doi       = {10.1007/978-3-662-46211-9},
    archivePrefix = {arXiv},
    eprint    = {math/1003.3202}}

@book{E.A.Milne_1935,
    title     = {Relativity Gravitation and World - Structure},
    author    = {Milne, E. A.},
    publisher = {Oxford Clarendon Press},
    year      = {1935},
    note      = {\href{https://archive.org/details/dli.ernet.7948/page/n9/mode/2up}{LINK}}}

@book{C.W.Misner_K.S.Thorne_etal_2017,
    title     = {Gravitation},
    author    = {Misner, C. W. and Thorne, K. S. and Wheeler, J. A.},
    publisher = {Princeton University Press},
    year      = {2017}}
    
@book{H.Mo_etal_2010,
    title     = {Galaxy Formation and Evolution},
    author    = {Mo, H. and van den Bosch, F. and White, S.},
    publisher = {Cambridge University Press},
    doi       = {10.1017/CBO9780511807244},
    year      = {2010}}

@book{I.Newton_1687,
    title     = {Philosophi{\ae} Naturalis Principia Mathematica},
    author    = {Newton, I.},
    publisher = {Jussu Societatis Regiae ac Typis Joseph Streater},
    year      = {1687}}
    
@book{J.A.Peacock_1999,
    title     = {Cosmological Physics},
    author    = {Peacock, J. A.},
    publisher = {Cambridge University Press},
    doi       = {10.1017/CBO9780511804533},
    year      = {1999}}
    
@book{P.J.E.Peebles_1980,
    title     = {The large-scale structure of the universe},
    author    = {Peebles, P. J. E.},
    publisher = {Princeton University Press},
    year      = {1980}}

@book{J.Plebanski_A.Krasinski_2006,
    title     = {An introduction to General Relativity and Cosmology},
    author    = {Pleba\'nski, J. and Krasi\'nski, A.},
    publisher = {Cambridge University Press},
    doi       = {10.1017/CBO9780511617676},
    year      = {2006}}

@inbook{A.Pound_B.Wardell_2021,
    title     = {Black hole perturbation theory and gravitational self-force},
    author    = {Pound, A. and Wardell, B.},
    booktitle = {Handbook of Gravitational Wave Astronomy},
    publisher = {Springer Singapore},
    pages     = {1-119},
    note      = {ed C. Bambi, S. Katsanevas, K. D. Kokkotas},
    year      = {2020},
    doi       = {10.1007/978-981-15-4702-7_38-1}}

@book{A.D.Rendall_2008,
    title     = {Partial Differential Equations in General Relativity},
    author    = {Rendall, A. D.},
    publisher = {Oxford University Press},
    year      = {2008}}

@book{L.Rezzolla_O.Zanotti_2013,
    title     = {Relativistic Hydrodynamics},
    author    = {Rezzolla, L. and Zanotti, O.},
    publisher = {Oxford University Press},
    year      = {2013}}
    
@inbook{R.K.Sachs_1964,
    title     = {Relativity, Groups, and Topology},
    chapter   = {Gravitational radiation},
    author    = {Sachs, R. K.},
    publisher = {New York: Gordon and Breach},
    note      = {ed C. DeWitt and B. DeWitt},
    year      = {1964}}

@book{P.Schneider_2015,
    title     = {Extragalactic Astronomy and Cosmology},
    author    = {Schneider, P.},
    publisher = {Springer Berlin, Heidelberg},
    doi       = {10.1007/978-3-642-54083-7},
    year      = {2015}}
    
@book{M.Shibata_2015,
    title     = {Numerical Relativity},
    author    = {Shibata, M.},
    publisher = {World Scientific Publishing Company},
    doi       = {10.1142/9692},
    year      = {2015}}

@book{W.E.Schiesser_1991,
    title     = {The Numerical Method of Lines: Integrating of Partial Differential Equations},
    author    = {Schiesser, W. E.},
    publisher = {Elsevier Science},
    year      = {1991}}
    
@book{H.Stephani_2004,
    title     = {Relativity: An Introduction to Special and General Relativity},
    author    = {Stephani, H.},
    publisher = {Cambridge University Press},
    doi       = {10.1017/CBO9780511616532},
    year      = {2004}}
    
@book{H.Stephani_etal_2003, 
    title     = {Exact Solutions of Einstein's Field Equations}, 
    author    = {Stephani, H. and Kramer, D. and MacCallum, M. and Hoenselaers, C. and Herlt, E.}, 
    publisher = {Cambridge University Press},
    doi       = {10.1017/CBO9780511535185},
    year      = {2003}}
    
@book{J.M.Stewart_1991,
    title     = {Advanced general relativity},
    author    = {Stewart, J. M.},
    publisher = {Cambridge University Press},
    doi       = {10.1017/CBO9780511608179},
    year      = {1994}}
    
@book{N.Vittorio_2018,
    title     = {Cosmology},
    author    = {Vittorio, N.},
    publisher = {CRC Press, Taylor \& Francis Group},
    doi       = {10.1201/b22176},
    year      = {2018}}

@book{J.Wainwright_G.F.R.Ellis_1997, 
    title     = {Dynamical Systems in Cosmology}, 
    author    = {Wainwright, J. and Ellis, G. F. R.},
    publisher = {Cambridge University Press}, 
    doi       = {10.1017/CBO9780511524660}, 
    year      = {1997}}
    
@book{R.M.Wald_1984,
    title     = {General Relativity},
    author    = {Wald, R. M.},
    publisher = {The University of Chicago Press},
    doi       = {10.7208/chicago/9780226870373.001.0001},
    year      = {1984}}
    
@book{S.Weinberg_1972,
    title     = {Gravitation and Cosmology: Principles and Applications of the General Theory of Relativity},
    author    = {Weinberg, S.},
    publisher = {John Wiley and Sons},
    year      = {1972}}

@inproceedings{J.R.Wilson_1979,
    title = {A numerical method for relativistic hydrodynamics},
    author = {Wilson, J. R.},
    booktitle = {Sources of Gravitational Radiation},
    editor = {Smarr, L. L.},
    publisher = {Cambridge University Press},
    pages = {423-445},
    year = {1979}}

@inproceedings{J.W.Jr.York_1979,
    title     = {Kinematics and Dynamics of General Relativity},
    author    = {York, J. W. Jr.},
    booktitle = {Workshop on Sources of Gravitational Radiation},
    editor    = {Smarr, L. L.},
    publisher = {Cambridge University Press},
    pages     = {83-126},
    month     = {1},
    year      = {1979}}